timestamp,buyer,seller,symbol_trade,currency,price,quantity,day_trade,trade_notional,day_book,symbol_book,bid_price_1,bid_volume_1,bid_price_2,bid_volume_2,bid_price_3,bid_volume_3,ask_price_1,ask_volume_1,ask_price_2,ask_volume_2,ask_price_3,ask_volume_3,mid_price,profit_and_loss,spread,microprice,best_bid_notional,best_ask_notional,imbalance_l1,bid_depth_3,ask_depth_3,trade_vs_mid,trade_vs_bid,trade_vs_ask,trade_side_guess,day,symbol
700,,,ASH_COATED_OSMIUM,XIRECS,9990.0,6,-2,59940.0,-2,ASH_COATED_OSMIUM,9990.0,27.0,,,,,10011.0,27.0,,,,,10000.5,0.0,21.0,10000.5,269730.0,270297.0,0.0,27.0,27.0,-10.5,0.0,-21.0,sell_aggressor,-2,ASH_COATED_OSMIUM
900,,,ASH_COATED_OSMIUM,XIRECS,9998.0,2,-2,19996.0,-2,ASH_COATED_OSMIUM,9993.0,13.0,9990.0,30.0,,,9998.0,8.0,10009.0,13.0,10011.0,30.0,9995.5,0.0,5.0,9996.095238095239,129909.0,79984.0,0.23809523809523808,43.0,51.0,2.5,5.0,0.0,buy_aggressor,-2,ASH_COATED_OSMIUM
2500,,,ASH_COATED_OSMIUM,XIRECS,10011.0,8,-2,80088.0,-2,ASH_COATED_OSMIUM,9992.0,21.0,,,,,10011.0,14.0,,,,,10001.5,0.0,19.0,10003.4,209832.0,140154.0,0.2,21.0,14.0,9.5,19.0,0.0,buy_aggressor,-2,ASH_COATED_OSMIUM
6100,,,ASH_COATED_OSMIUM,XIRECS,10013.0,8,-2,80104.0,-2,ASH_COATED_OSMIUM,9997.0,11.0,9994.0,26.0,,,10013.0,11.0,10015.0,26.0,,,10005.0,0.0,16.0,10005.0,109967.0,110143.0,0.0,37.0,37.0,8.0,16.0,0.0,buy_aggressor,-2,ASH_COATED_OSMIUM
12900,,,ASH_COATED_OSMIUM,XIRECS,10001.0,9,-2,90009.0,-2,ASH_COATED_OSMIUM,10001.0,10.0,9999.0,20.0,,,,,,,,,10001.0,0.0,,,100010.0,,,30.0,0.0,0.0,0.0,,sell_aggressor,-2,ASH_COATED_OSMIUM
13800,,,ASH_COATED_OSMIUM,XIRECS,10017.0,3,-2,30051.0,-2,ASH_COATED_OSMIUM,9998.0,22.0,,,,,10017.0,13.0,10019.0,22.0,,,10007.5,0.0,19.0,10009.942857142858,219956.0,130221.0,0.2571428571428571,22.0,35.0,9.5,19.0,0.0,buy_aggressor,-2,ASH_COATED_OSMIUM
15000,,,ASH_COATED_OSMIUM,XIRECS,10016.0,3,-2,30048.0,-2,ASH_COATED_OSMIUM,10000.0,10.0,,,,,10016.0,10.0,10018.0,21.0,,,10008.0,0.0,16.0,10008.0,100000.0,100160.0,0.0,10.0,31.0,8.0,16.0,0.0,buy_aggressor,-2,ASH_COATED_OSMIUM
15100,,,ASH_COATED_OSMIUM,XIRECS,10016.0,5,-2,50080.0,-2,ASH_COATED_OSMIUM,10000.0,15.0,9997.0,29.0,,,10016.0,15.0,10018.0,29.0,,,10008.0,0.0,16.0,10008.0,150000.0,150240.0,0.0,44.0,44.0,8.0,16.0,0.0,buy_aggressor,-2,ASH_COATED_OSMIUM
15900,,,ASH_COATED_OSMIUM,XIRECS,9995.0,9,-2,89955.0,-2,ASH_COATED_OSMIUM,9995.0,25.0,,,,,10014.0,12.0,10016.0,25.0,,,10004.5,0.0,19.0,10007.837837837838,249875.0,120168.0,0.35135135135135137,25.0,37.0,-9.5,0.0,-19.0,sell_aggressor,-2,ASH_COATED_OSMIUM
17400,,,ASH_COATED_OSMIUM,XIRECS,10014.0,4,-2,40056.0,-2,ASH_COATED_OSMIUM,9998.0,10.0,9995.0,26.0,,,10014.0,10.0,10017.0,26.0,,,10006.0,0.0,16.0,10006.0,99980.0,100140.0,0.0,36.0,36.0,8.0,16.0,0.0,buy_aggressor,-2,ASH_COATED_OSMIUM
18400,,,ASH_COATED_OSMIUM,XIRECS,10018.0,4,-2,40072.0,-2,ASH_COATED_OSMIUM,9999.0,11.0,9997.0,20.0,,,10018.0,20.0,,,,,10008.5,0.0,19.0,10005.741935483871,109989.0,200360.0,-0.2903225806451613,31.0,20.0,9.5,19.0,0.0,buy_aggressor,-2,ASH_COATED_OSMIUM
24000,,,ASH_COATED_OSMIUM,XIRECS,10013.0,6,-2,60078.0,-2,ASH_COATED_OSMIUM,9997.0,14.0,9994.0,24.0,,,10013.0,14.0,10015.0,24.0,,,10005.0,0.0,16.0,10005.0,139958.0,140182.0,0.0,38.0,38.0,8.0,16.0,0.0,buy_aggressor,-2,ASH_COATED_OSMIUM
28700,,,ASH_COATED_OSMIUM,XIRECS,10011.0,2,-2,20022.0,-2,ASH_COATED_OSMIUM,10000.0,4.0,9995.0,10.0,,,10011.0,10.0,10013.0,30.0,,,10005.5,0.0,11.0,10003.142857142857,40000.0,100110.0,-0.42857142857142855,14.0,40.0,5.5,11.0,0.0,buy_aggressor,-2,ASH_COATED_OSMIUM
28800,,,ASH_COATED_OSMIUM,XIRECS,10011.0,10,-2,100110.0,-2,ASH_COATED_OSMIUM,9995.0,12.0,9993.0,27.0,,,10011.0,12.0,10014.0,27.0,,,10003.0,0.0,16.0,10003.0,119940.0,120132.0,0.0,39.0,39.0,8.0,16.0,0.0,buy_aggressor,-2,ASH_COATED_OSMIUM
30700,,,ASH_COATED_OSMIUM,XIRECS,10012.0,6,-2,60072.0,-2,ASH_COATED_OSMIUM,9996.0,11.0,,,,,10012.0,11.0,10014.0,24.0,,,10004.0,0.0,16.0,10004.0,109956.0,110132.0,0.0,11.0,35.0,8.0,16.0,0.0,buy_aggressor,-2,ASH_COATED_OSMIUM
32400,,,ASH_COATED_OSMIUM,XIRECS,10005.0,4,-2,40020.0,-2,ASH_COATED_OSMIUM,10005.0,10.0,9996.0,10.0,9993.0,30.0,10012.0,10.0,,,,,10008.5,0.0,7.0,10008.5,100050.0,100120.0,0.0,50.0,10.0,-3.5,0.0,-7.0,sell_aggressor,-2,ASH_COATED_OSMIUM
33000,,,ASH_COATED_OSMIUM,XIRECS,10013.0,9,-2,90117.0,-2,ASH_COATED_OSMIUM,9997.0,13.0,,,,,10013.0,13.0,10015.0,26.0,,,10005.0,0.0,16.0,10005.0,129961.0,130169.0,0.0,13.0,39.0,8.0,16.0,0.0,buy_aggressor,-2,ASH_COATED_OSMIUM
36600,,,ASH_COATED_OSMIUM,XIRECS,9997.0,6,-2,59982.0,-2,ASH_COATED_OSMIUM,9997.0,15.0,9994.0,29.0,,,10015.0,29.0,,,,,10006.0,0.0,18.0,10003.136363636364,149955.0,290435.0,-0.3181818181818182,44.0,29.0,-9.0,0.0,-18.0,sell_aggressor,-2,ASH_COATED_OSMIUM
36700,,,ASH_COATED_OSMIUM,XIRECS,10012.0,10,-2,100120.0,-2,ASH_COATED_OSMIUM,9996.0,14.0,9994.0,30.0,,,10012.0,14.0,10015.0,30.0,,,10004.0,0.0,16.0,10004.0,139944.0,140168.0,0.0,44.0,44.0,8.0,16.0,0.0,buy_aggressor,-2,ASH_COATED_OSMIUM
40500,,,ASH_COATED_OSMIUM,XIRECS,9997.0,2,-2,19994.0,-2,ASH_COATED_OSMIUM,9997.0,14.0,9994.0,29.0,,,10013.0,14.0,,,,,10005.0,0.0,16.0,10005.0,139958.0,140182.0,0.0,43.0,14.0,-8.0,0.0,-16.0,sell_aggressor,-2,ASH_COATED_OSMIUM
42000,,,ASH_COATED_OSMIUM,XIRECS,10006.0,4,-2,40024.0,-2,ASH_COATED_OSMIUM,9996.0,11.0,9994.0,20.0,,,10006.0,4.0,10012.0,11.0,,,10001.0,0.0,10.0,10003.333333333334,109956.0,40024.0,0.4666666666666667,31.0,15.0,5.0,10.0,0.0,buy_aggressor,-2,ASH_COATED_OSMIUM
44200,,,ASH_COATED_OSMIUM,XIRECS,10014.0,2,-2,20028.0,-2,ASH_COATED_OSMIUM,9995.0,12.0,,,,,10014.0,26.0,,,,,10004.5,0.0,19.0,10001.0,119940.0,260364.0,-0.3684210526315789,12.0,26.0,9.5,19.0,0.0,buy_aggressor,-2,ASH_COATED_OSMIUM
45600,,,ASH_COATED_OSMIUM,XIRECS,10011.0,4,-2,40044.0,-2,ASH_COATED_OSMIUM,9995.0,12.0,9992.0,27.0,,,10011.0,12.0,10013.0,27.0,,,10003.0,0.0,16.0,10003.0,119940.0,120132.0,0.0,39.0,39.0,8.0,16.0,0.0,buy_aggressor,-2,ASH_COATED_OSMIUM
48000,,,ASH_COATED_OSMIUM,XIRECS,10014.0,10,-2,100140.0,-2,ASH_COATED_OSMIUM,9998.0,13.0,9995.0,28.0,,,10014.0,13.0,10016.0,28.0,,,10006.0,0.0,16.0,10006.0,129974.0,130182.0,0.0,41.0,41.0,8.0,16.0,0.0,buy_aggressor,-2,ASH_COATED_OSMIUM
50000,,,ASH_COATED_OSMIUM,XIRECS,10008.0,3,-2,30024.0,-2,ASH_COATED_OSMIUM,10008.0,3.0,9998.0,10.0,,,10014.0,10.0,10017.0,27.0,,,10011.0,0.0,6.0,10009.384615384615,30024.0,100140.0,-0.5384615384615384,13.0,37.0,-3.0,0.0,-6.0,sell_aggressor,-2,ASH_COATED_OSMIUM
50800,,,ASH_COATED_OSMIUM,XIRECS,10015.0,5,-2,50075.0,-2,ASH_COATED_OSMIUM,9999.0,13.0,9997.0,30.0,,,10015.0,13.0,,,,,10007.0,0.0,16.0,10007.0,129987.0,130195.0,0.0,43.0,13.0,8.0,16.0,0.0,buy_aggressor,-2,ASH_COATED_OSMIUM
51400,,,ASH_COATED_OSMIUM,XIRECS,10018.0,8,-2,80144.0,-2,ASH_COATED_OSMIUM,10000.0,15.0,9997.0,20.0,,,10018.0,20.0,,,,,10009.0,0.0,18.0,10007.714285714286,150000.0,200360.0,-0.14285714285714285,35.0,20.0,9.0,18.0,0.0,buy_aggressor,-2,ASH_COATED_OSMIUM
53800,,,ASH_COATED_OSMIUM,XIRECS,9999.0,10,-2,99990.0,-2,ASH_COATED_OSMIUM,9999.0,10.0,,,,,10017.0,24.0,,,,,10008.0,0.0,18.0,10004.29411764706,99990.0,240408.0,-0.4117647058823529,10.0,24.0,-9.0,0.0,-18.0,sell_aggressor,-2,ASH_COATED_OSMIUM
55900,,,ASH_COATED_OSMIUM,XIRECS,10013.0,6,-2,60078.0,-2,ASH_COATED_OSMIUM,9995.0,26.0,,,,,10013.0,14.0,10016.0,26.0,,,10004.0,0.0,18.0,10006.7,259870.0,140182.0,0.3,26.0,40.0,9.0,18.0,0.0,buy_aggressor,-2,ASH_COATED_OSMIUM
57600,,,ASH_COATED_OSMIUM,XIRECS,9998.0,6,-2,59988.0,-2,ASH_COATED_OSMIUM,9998.0,13.0,9996.0,30.0,,,10014.0,13.0,,,,,10006.0,0.0,16.0,10006.0,129974.0,130182.0,0.0,43.0,13.0,-8.0,0.0,-16.0,sell_aggressor,-2,ASH_COATED_OSMIUM
67300,,,ASH_COATED_OSMIUM,XIRECS,9989.0,8,-2,79912.0,-2,ASH_COATED_OSMIUM,9989.0,10.0,9986.0,26.0,,,10005.0,10.0,10007.0,26.0,,,9997.0,0.0,16.0,9997.0,99890.0,100050.0,0.0,36.0,36.0,-8.0,0.0,-16.0,sell_aggressor,-2,ASH_COATED_OSMIUM
69400,,,ASH_COATED_OSMIUM,XIRECS,9987.0,5,-2,49935.0,-2,ASH_COATED_OSMIUM,9987.0,15.0,9985.0,20.0,,,10003.0,15.0,10006.0,20.0,,,9995.0,0.0,16.0,9995.0,149805.0,150045.0,0.0,35.0,35.0,-8.0,0.0,-16.0,sell_aggressor,-2,ASH_COATED_OSMIUM
71700,,,ASH_COATED_OSMIUM,XIRECS,9990.0,8,-2,79920.0,-2,ASH_COATED_OSMIUM,9990.0,14.0,9987.0,20.0,,,10006.0,14.0,10008.0,20.0,,,9998.0,0.0,16.0,9998.0,139860.0,140084.0,0.0,34.0,34.0,-8.0,0.0,-16.0,sell_aggressor,-2,ASH_COATED_OSMIUM
72900,,,ASH_COATED_OSMIUM,XIRECS,9990.0,9,-2,89910.0,-2,ASH_COATED_OSMIUM,9990.0,15.0,9988.0,23.0,,,10006.0,15.0,10009.0,23.0,,,9998.0,0.0,16.0,9998.0,149850.0,150090.0,0.0,38.0,38.0,-8.0,0.0,-16.0,sell_aggressor,-2,ASH_COATED_OSMIUM
73900,,,ASH_COATED_OSMIUM,XIRECS,9991.0,7,-2,69937.0,-2,ASH_COATED_OSMIUM,9991.0,13.0,9988.0,26.0,,,10007.0,13.0,10009.0,26.0,,,9999.0,0.0,16.0,9999.0,129883.0,130091.0,0.0,39.0,39.0,-8.0,0.0,-16.0,sell_aggressor,-2,ASH_COATED_OSMIUM
74500,,,ASH_COATED_OSMIUM,XIRECS,10007.0,9,-2,90063.0,-2,ASH_COATED_OSMIUM,9991.0,15.0,,,,,10007.0,15.0,10009.0,22.0,,,9999.0,0.0,16.0,9999.0,149865.0,150105.0,0.0,15.0,37.0,8.0,16.0,0.0,buy_aggressor,-2,ASH_COATED_OSMIUM
76000,,,ASH_COATED_OSMIUM,XIRECS,10008.0,7,-2,70056.0,-2,ASH_COATED_OSMIUM,,,,,,,10008.0,15.0,10010.0,21.0,,,10008.0,0.0,,,,150120.0,,0.0,36.0,0.0,,0.0,buy_aggressor,-2,ASH_COATED_OSMIUM
79600,,,ASH_COATED_OSMIUM,XIRECS,10008.0,6,-2,60048.0,-2,ASH_COATED_OSMIUM,9992.0,11.0,,,,,10008.0,11.0,,,,,10000.0,0.0,16.0,10000.0,109912.0,110088.0,0.0,11.0,11.0,8.0,16.0,0.0,buy_aggressor,-2,ASH_COATED_OSMIUM
81200,,,ASH_COATED_OSMIUM,XIRECS,9991.0,6,-2,59946.0,-2,ASH_COATED_OSMIUM,9991.0,11.0,,,,,10007.0,11.0,10010.0,26.0,,,9999.0,0.0,16.0,9999.0,109901.0,110077.0,0.0,11.0,37.0,-8.0,0.0,-16.0,sell_aggressor,-2,ASH_COATED_OSMIUM
84600,,,ASH_COATED_OSMIUM,XIRECS,9990.0,2,-2,19980.0,-2,ASH_COATED_OSMIUM,9990.0,11.0,9988.0,26.0,,,10006.0,11.0,,,,,9998.0,0.0,16.0,9998.0,109890.0,110066.0,0.0,37.0,11.0,-8.0,0.0,-16.0,sell_aggressor,-2,ASH_COATED_OSMIUM
86100,,,ASH_COATED_OSMIUM,XIRECS,10007.0,6,-2,60042.0,-2,ASH_COATED_OSMIUM,9991.0,15.0,,,,,10007.0,15.0,10009.0,20.0,,,9999.0,0.0,16.0,9999.0,149865.0,150105.0,0.0,15.0,35.0,8.0,16.0,0.0,buy_aggressor,-2,ASH_COATED_OSMIUM
86200,,,ASH_COATED_OSMIUM,XIRECS,9991.0,4,-2,39964.0,-2,ASH_COATED_OSMIUM,9991.0,14.0,9989.0,28.0,,,10010.0,28.0,,,,,10000.5,0.0,19.0,9997.333333333334,139874.0,280280.0,-0.3333333333333333,42.0,28.0,-9.5,0.0,-19.0,sell_aggressor,-2,ASH_COATED_OSMIUM
94000,,,ASH_COATED_OSMIUM,XIRECS,10004.0,8,-2,80032.0,-2,ASH_COATED_OSMIUM,9988.0,13.0,9986.0,28.0,,,10004.0,13.0,10007.0,28.0,,,9996.0,0.0,16.0,9996.0,129844.0,130052.0,0.0,41.0,41.0,8.0,16.0,0.0,buy_aggressor,-2,ASH_COATED_OSMIUM
94400,,,ASH_COATED_OSMIUM,XIRECS,10004.0,3,-2,30012.0,-2,ASH_COATED_OSMIUM,9988.0,14.0,,,,,10004.0,14.0,,,,,9996.0,0.0,16.0,9996.0,139832.0,140056.0,0.0,14.0,14.0,8.0,16.0,0.0,buy_aggressor,-2,ASH_COATED_OSMIUM
96300,,,ASH_COATED_OSMIUM,XIRECS,10006.0,8,-2,80048.0,-2,ASH_COATED_OSMIUM,9990.0,10.0,9987.0,24.0,,,10006.0,10.0,,,,,9998.0,0.0,16.0,9998.0,99900.0,100060.0,0.0,34.0,10.0,8.0,16.0,0.0,buy_aggressor,-2,ASH_COATED_OSMIUM
97200,,,ASH_COATED_OSMIUM,XIRECS,9994.0,4,-2,39976.0,-2,ASH_COATED_OSMIUM,9989.0,14.0,9986.0,22.0,,,9994.0,3.0,10005.0,14.0,10007.0,22.0,9991.5,0.0,5.0,9993.117647058823,139846.0,29982.0,0.6470588235294118,36.0,39.0,2.5,5.0,0.0,buy_aggressor,-2,ASH_COATED_OSMIUM
97600,,,ASH_COATED_OSMIUM,XIRECS,9999.0,3,-2,29997.0,-2,ASH_COATED_OSMIUM,9987.0,30.0,,,,,9999.0,3.0,10005.0,15.0,10008.0,30.0,9993.0,0.0,12.0,9997.90909090909,299610.0,29997.0,0.8181818181818182,30.0,48.0,6.0,12.0,0.0,buy_aggressor,-2,ASH_COATED_OSMIUM
98200,,,ASH_COATED_OSMIUM,XIRECS,9990.0,3,-2,29970.0,-2,ASH_COATED_OSMIUM,9990.0,10.0,9987.0,26.0,,,10006.0,10.0,10008.0,26.0,,,9998.0,0.0,16.0,9998.0,99900.0,100060.0,0.0,36.0,36.0,-8.0,0.0,-16.0,sell_aggressor,-2,ASH_COATED_OSMIUM
100100,,,ASH_COATED_OSMIUM,XIRECS,9993.0,3,-2,29979.0,-2,ASH_COATED_OSMIUM,9993.0,3.0,9987.0,13.0,,,10003.0,13.0,10006.0,26.0,,,9998.0,0.0,10.0,9994.875,29979.0,130039.0,-0.625,16.0,39.0,-5.0,0.0,-10.0,sell_aggressor,-2,ASH_COATED_OSMIUM
101700,,,ASH_COATED_OSMIUM,XIRECS,10001.0,5,-2,50005.0,-2,ASH_COATED_OSMIUM,9985.0,12.0,,,,,10001.0,12.0,10004.0,22.0,,,9993.0,0.0,16.0,9993.0,119820.0,120012.0,0.0,12.0,34.0,8.0,16.0,0.0,buy_aggressor,-2,ASH_COATED_OSMIUM
103900,,,ASH_COATED_OSMIUM,XIRECS,10004.0,4,-2,40016.0,-2,ASH_COATED_OSMIUM,9988.0,13.0,,,,,10004.0,13.0,10006.0,22.0,,,9996.0,0.0,16.0,9996.0,129844.0,130052.0,0.0,13.0,35.0,8.0,16.0,0.0,buy_aggressor,-2,ASH_COATED_OSMIUM
105100,,,ASH_COATED_OSMIUM,XIRECS,9990.0,8,-2,79920.0,-2,ASH_COATED_OSMIUM,9990.0,11.0,9987.0,27.0,,,10006.0,11.0,10008.0,27.0,,,9998.0,0.0,16.0,9998.0,109890.0,110066.0,0.0,38.0,38.0,-8.0,0.0,-16.0,sell_aggressor,-2,ASH_COATED_OSMIUM
105200,,,ASH_COATED_OSMIUM,XIRECS,10005.0,3,-2,30015.0,-2,ASH_COATED_OSMIUM,9987.0,20.0,,,,,10005.0,13.0,,,,,9996.0,0.0,18.0,9997.90909090909,199740.0,130065.0,0.21212121212121213,20.0,13.0,9.0,18.0,0.0,buy_aggressor,-2,ASH_COATED_OSMIUM
106000,,,ASH_COATED_OSMIUM,XIRECS,9989.0,4,-2,39956.0,-2,ASH_COATED_OSMIUM,9989.0,14.0,9987.0,23.0,,,10008.0,23.0,,,,,9998.5,0.0,19.0,9996.18918918919,139846.0,230184.0,-0.24324324324324326,37.0,23.0,-9.5,0.0,-19.0,sell_aggressor,-2,ASH_COATED_OSMIUM
107900,,,ASH_COATED_OSMIUM,XIRECS,9991.0,6,-2,59946.0,-2,ASH_COATED_OSMIUM,9991.0,14.0,9988.0,23.0,,,10007.0,14.0,,,,,9999.0,0.0,16.0,9999.0,139874.0,140098.0,0.0,37.0,14.0,-8.0,0.0,-16.0,sell_aggressor,-2,ASH_COATED_OSMIUM
108800,,,ASH_COATED_OSMIUM,XIRECS,9990.0,9,-2,89910.0,-2,ASH_COATED_OSMIUM,9990.0,13.0,9988.0,20.0,,,10000.0,3.0,10006.0,13.0,10009.0,20.0,9995.0,0.0,10.0,9998.125,129870.0,30000.0,0.625,33.0,36.0,-5.0,0.0,-10.0,sell_aggressor,-2,ASH_COATED_OSMIUM
111800,,,ASH_COATED_OSMIUM,XIRECS,9989.0,6,-2,59934.0,-2,ASH_COATED_OSMIUM,9989.0,25.0,,,,,10008.0,10.0,10010.0,25.0,,,9998.5,0.0,19.0,10002.57142857143,249725.0,100080.0,0.42857142857142855,25.0,35.0,-9.5,0.0,-19.0,sell_aggressor,-2,ASH_COATED_OSMIUM
113300,,,ASH_COATED_OSMIUM,XIRECS,9995.0,5,-2,49975.0,-2,ASH_COATED_OSMIUM,9995.0,10.0,9992.0,20.0,,,10013.0,20.0,,,,,10004.0,0.0,18.0,10001.0,99950.0,200260.0,-0.3333333333333333,30.0,20.0,-9.0,0.0,-18.0,sell_aggressor,-2,ASH_COATED_OSMIUM
113500,,,ASH_COATED_OSMIUM,XIRECS,10010.0,4,-2,40040.0,-2,ASH_COATED_OSMIUM,9994.0,15.0,9992.0,20.0,,,10010.0,15.0,10013.0,20.0,,,10002.0,0.0,16.0,10002.0,149910.0,150150.0,0.0,35.0,35.0,8.0,16.0,0.0,buy_aggressor,-2,ASH_COATED_OSMIUM
114100,,,ASH_COATED_OSMIUM,XIRECS,10011.0,10,-2,100110.0,-2,ASH_COATED_OSMIUM,9995.0,13.0,9992.0,26.0,,,10011.0,13.0,10013.0,26.0,,,10003.0,0.0,16.0,10003.0,129935.0,130143.0,0.0,39.0,39.0,8.0,16.0,0.0,buy_aggressor,-2,ASH_COATED_OSMIUM
118900,,,ASH_COATED_OSMIUM,XIRECS,9993.0,3,-2,29979.0,-2,ASH_COATED_OSMIUM,9993.0,11.0,,,,,10009.0,11.0,,,,,10001.0,0.0,16.0,10001.0,109923.0,110099.0,0.0,11.0,11.0,-8.0,0.0,-16.0,sell_aggressor,-2,ASH_COATED_OSMIUM
119100,,,ASH_COATED_OSMIUM,XIRECS,10010.0,4,-2,40040.0,-2,ASH_COATED_OSMIUM,9994.0,13.0,9991.0,22.0,,,10010.0,13.0,10012.0,22.0,,,10002.0,0.0,16.0,10002.0,129922.0,130130.0,0.0,35.0,35.0,8.0,16.0,0.0,buy_aggressor,-2,ASH_COATED_OSMIUM
120000,,,ASH_COATED_OSMIUM,XIRECS,10010.0,8,-2,80080.0,-2,ASH_COATED_OSMIUM,9994.0,12.0,9992.0,22.0,,,10010.0,12.0,10013.0,22.0,,,10002.0,0.0,16.0,10002.0,119928.0,120120.0,0.0,34.0,34.0,8.0,16.0,0.0,buy_aggressor,-2,ASH_COATED_OSMIUM
120900,,,ASH_COATED_OSMIUM,XIRECS,10010.0,6,-2,60060.0,-2,ASH_COATED_OSMIUM,9994.0,14.0,9992.0,29.0,,,10010.0,14.0,10013.0,29.0,,,10002.0,0.0,16.0,10002.0,139916.0,140140.0,0.0,43.0,43.0,8.0,16.0,0.0,buy_aggressor,-2,ASH_COATED_OSMIUM
122900,,,ASH_COATED_OSMIUM,XIRECS,9991.0,3,-2,29973.0,-2,ASH_COATED_OSMIUM,9991.0,27.0,,,,,10009.0,14.0,10012.0,27.0,,,10000.0,0.0,18.0,10002.853658536585,269757.0,140126.0,0.3170731707317073,27.0,41.0,-9.0,0.0,-18.0,sell_aggressor,-2,ASH_COATED_OSMIUM
125200,,,ASH_COATED_OSMIUM,XIRECS,10007.0,3,-2,30021.0,-2,ASH_COATED_OSMIUM,9991.0,10.0,9988.0,25.0,,,10007.0,10.0,10009.0,25.0,,,9999.0,0.0,16.0,9999.0,99910.0,100070.0,0.0,35.0,35.0,8.0,16.0,0.0,buy_aggressor,-2,ASH_COATED_OSMIUM
125400,,,ASH_COATED_OSMIUM,XIRECS,9990.0,3,-2,29970.0,-2,ASH_COATED_OSMIUM,9990.0,11.0,,,,,10006.0,11.0,10009.0,30.0,,,9998.0,0.0,16.0,9998.0,109890.0,110066.0,0.0,11.0,41.0,-8.0,0.0,-16.0,sell_aggressor,-2,ASH_COATED_OSMIUM
133100,,,ASH_COATED_OSMIUM,XIRECS,9991.0,8,-2,79928.0,-2,ASH_COATED_OSMIUM,9991.0,15.0,9988.0,29.0,,,10009.0,29.0,,,,,10000.0,0.0,18.0,9997.136363636364,149865.0,290261.0,-0.3181818181818182,44.0,29.0,-9.0,0.0,-18.0,sell_aggressor,-2,ASH_COATED_OSMIUM
135800,,,ASH_COATED_OSMIUM,XIRECS,9992.0,2,-2,19984.0,-2,ASH_COATED_OSMIUM,9992.0,10.0,9990.0,26.0,,,10008.0,10.0,,,,,10000.0,0.0,16.0,10000.0,99920.0,100080.0,0.0,36.0,10.0,-8.0,0.0,-16.0,sell_aggressor,-2,ASH_COATED_OSMIUM
137500,,,ASH_COATED_OSMIUM,XIRECS,9992.0,5,-2,49960.0,-2,ASH_COATED_OSMIUM,9992.0,12.0,9990.0,25.0,,,10008.0,12.0,10011.0,25.0,,,10000.0,0.0,16.0,10000.0,119904.0,120096.0,0.0,37.0,37.0,-8.0,0.0,-16.0,sell_aggressor,-2,ASH_COATED_OSMIUM
139000,,,ASH_COATED_OSMIUM,XIRECS,9988.0,6,-2,59928.0,-2,ASH_COATED_OSMIUM,9988.0,20.0,,,,,10009.0,20.0,,,,,9998.5,0.0,21.0,9998.5,199760.0,200180.0,0.0,20.0,20.0,-10.5,0.0,-21.0,sell_aggressor,-2,ASH_COATED_OSMIUM
149800,,,ASH_COATED_OSMIUM,XIRECS,10007.0,6,-2,60042.0,-2,ASH_COATED_OSMIUM,9991.0,10.0,,,,,10007.0,10.0,,,,,9999.0,0.0,16.0,9999.0,99910.0,100070.0,0.0,10.0,10.0,8.0,16.0,0.0,buy_aggressor,-2,ASH_COATED_OSMIUM
157000,,,ASH_COATED_OSMIUM,XIRECS,10005.0,3,-2,30015.0,-2,ASH_COATED_OSMIUM,9989.0,14.0,9986.0,30.0,,,10005.0,14.0,,,,,9997.0,0.0,16.0,9997.0,139846.0,140070.0,0.0,44.0,14.0,8.0,16.0,0.0,buy_aggressor,-2,ASH_COATED_OSMIUM
160300,,,ASH_COATED_OSMIUM,XIRECS,10004.0,5,-2,50020.0,-2,ASH_COATED_OSMIUM,9988.0,15.0,,,,,10004.0,15.0,10007.0,30.0,,,9996.0,0.0,16.0,9996.0,149820.0,150060.0,0.0,15.0,45.0,8.0,16.0,0.0,buy_aggressor,-2,ASH_COATED_OSMIUM
161600,,,ASH_COATED_OSMIUM,XIRECS,10005.0,2,-2,20010.0,-2,ASH_COATED_OSMIUM,9989.0,14.0,9987.0,22.0,,,10005.0,14.0,10008.0,22.0,,,9997.0,0.0,16.0,9997.0,139846.0,140070.0,0.0,36.0,36.0,8.0,16.0,0.0,buy_aggressor,-2,ASH_COATED_OSMIUM
173600,,,ASH_COATED_OSMIUM,XIRECS,9992.0,5,-2,49960.0,-2,ASH_COATED_OSMIUM,9992.0,13.0,9989.0,24.0,,,10008.0,13.0,,,,,10000.0,0.0,16.0,10000.0,129896.0,130104.0,0.0,37.0,13.0,-8.0,0.0,-16.0,sell_aggressor,-2,ASH_COATED_OSMIUM
174200,,,ASH_COATED_OSMIUM,XIRECS,10007.0,3,-2,30021.0,-2,ASH_COATED_OSMIUM,9991.0,14.0,,,,,10007.0,14.0,10010.0,28.0,,,9999.0,0.0,16.0,9999.0,139874.0,140098.0,0.0,14.0,42.0,8.0,16.0,0.0,buy_aggressor,-2,ASH_COATED_OSMIUM
175000,,,ASH_COATED_OSMIUM,XIRECS,9998.0,3,-2,29994.0,-2,ASH_COATED_OSMIUM,9998.0,5.0,9992.0,14.0,,,10008.0,14.0,10011.0,28.0,,,10003.0,0.0,10.0,10000.631578947368,49990.0,140112.0,-0.47368421052631576,19.0,42.0,-5.0,0.0,-10.0,sell_aggressor,-2,ASH_COATED_OSMIUM
175400,,,ASH_COATED_OSMIUM,XIRECS,10011.0,4,-2,40044.0,-2,ASH_COATED_OSMIUM,9993.0,14.0,9990.0,26.0,,,10011.0,26.0,,,,,10002.0,0.0,18.0,9999.3,139902.0,260286.0,-0.3,40.0,26.0,9.0,18.0,0.0,buy_aggressor,-2,ASH_COATED_OSMIUM
179600,,,ASH_COATED_OSMIUM,XIRECS,10009.0,10,-2,100090.0,-2,ASH_COATED_OSMIUM,9993.0,14.0,9991.0,21.0,,,10009.0,14.0,10012.0,21.0,,,10001.0,0.0,16.0,10001.0,139902.0,140126.0,0.0,35.0,35.0,8.0,16.0,0.0,buy_aggressor,-2,ASH_COATED_OSMIUM
183600,,,ASH_COATED_OSMIUM,XIRECS,10010.0,10,-2,100100.0,-2,ASH_COATED_OSMIUM,9994.0,14.0,9991.0,22.0,,,10010.0,14.0,10012.0,22.0,,,10002.0,0.0,16.0,10002.0,139916.0,140140.0,0.0,36.0,36.0,8.0,16.0,0.0,buy_aggressor,-2,ASH_COATED_OSMIUM
184400,,,ASH_COATED_OSMIUM,XIRECS,10010.0,5,-2,50050.0,-2,ASH_COATED_OSMIUM,9994.0,13.0,,,,,10010.0,13.0,10012.0,28.0,,,10002.0,0.0,16.0,10002.0,129922.0,130130.0,0.0,13.0,41.0,8.0,16.0,0.0,buy_aggressor,-2,ASH_COATED_OSMIUM
184800,,,ASH_COATED_OSMIUM,XIRECS,9993.0,2,-2,19986.0,-2,ASH_COATED_OSMIUM,9993.0,10.0,,,,,10009.0,10.0,10012.0,23.0,,,10001.0,0.0,16.0,10001.0,99930.0,100090.0,0.0,10.0,33.0,-8.0,0.0,-16.0,sell_aggressor,-2,ASH_COATED_OSMIUM
186400,,,ASH_COATED_OSMIUM,XIRECS,9992.0,5,-2,49960.0,-2,ASH_COATED_OSMIUM,9992.0,12.0,9990.0,28.0,,,10008.0,12.0,10011.0,28.0,,,10000.0,0.0,16.0,10000.0,119904.0,120096.0,0.0,40.0,40.0,-8.0,0.0,-16.0,sell_aggressor,-2,ASH_COATED_OSMIUM
190100,,,ASH_COATED_OSMIUM,XIRECS,10009.0,3,-2,30027.0,-2,ASH_COATED_OSMIUM,9993.0,15.0,9990.0,23.0,,,10009.0,15.0,10011.0,23.0,,,10001.0,0.0,16.0,10001.0,149895.0,150135.0,0.0,38.0,38.0,8.0,16.0,0.0,buy_aggressor,-2,ASH_COATED_OSMIUM
190800,,,ASH_COATED_OSMIUM,XIRECS,9991.0,6,-2,59946.0,-2,ASH_COATED_OSMIUM,9991.0,15.0,9989.0,24.0,,,10007.0,15.0,10010.0,24.0,,,9999.0,0.0,16.0,9999.0,149865.0,150105.0,0.0,39.0,39.0,-8.0,0.0,-16.0,sell_aggressor,-2,ASH_COATED_OSMIUM
192800,,,ASH_COATED_OSMIUM,XIRECS,10006.0,5,-2,50030.0,-2,ASH_COATED_OSMIUM,9990.0,11.0,9988.0,26.0,,,10006.0,11.0,,,,,9998.0,0.0,16.0,9998.0,109890.0,110066.0,0.0,37.0,11.0,8.0,16.0,0.0,buy_aggressor,-2,ASH_COATED_OSMIUM
194700,,,ASH_COATED_OSMIUM,XIRECS,9989.0,9,-2,89901.0,-2,ASH_COATED_OSMIUM,9989.0,10.0,9986.0,22.0,,,10007.0,22.0,,,,,9998.0,0.0,18.0,9994.625,99890.0,220154.0,-0.375,32.0,22.0,-9.0,0.0,-18.0,sell_aggressor,-2,ASH_COATED_OSMIUM
197100,,,ASH_COATED_OSMIUM,XIRECS,9987.0,3,-2,29961.0,-2,ASH_COATED_OSMIUM,9987.0,12.0,9984.0,22.0,,,10003.0,12.0,10005.0,22.0,,,9995.0,0.0,16.0,9995.0,119844.0,120036.0,0.0,34.0,34.0,-8.0,0.0,-16.0,sell_aggressor,-2,ASH_COATED_OSMIUM
200600,,,ASH_COATED_OSMIUM,XIRECS,10000.0,6,-2,60000.0,-2,ASH_COATED_OSMIUM,9984.0,15.0,,,,,10000.0,15.0,10002.0,25.0,,,9992.0,0.0,16.0,9992.0,149760.0,150000.0,0.0,15.0,40.0,8.0,16.0,0.0,buy_aggressor,-2,ASH_COATED_OSMIUM
202700,,,ASH_COATED_OSMIUM,XIRECS,9987.0,2,-2,19974.0,-2,ASH_COATED_OSMIUM,9987.0,12.0,9984.0,29.0,,,10003.0,12.0,10005.0,29.0,,,9995.0,0.0,16.0,9995.0,119844.0,120036.0,0.0,41.0,41.0,-8.0,0.0,-16.0,sell_aggressor,-2,ASH_COATED_OSMIUM
203500,,,ASH_COATED_OSMIUM,XIRECS,9996.0,3,-2,29988.0,-2,ASH_COATED_OSMIUM,9986.0,13.0,9984.0,27.0,,,9996.0,3.0,10002.0,13.0,,,9991.0,0.0,10.0,9994.125,129818.0,29988.0,0.625,40.0,16.0,5.0,10.0,0.0,buy_aggressor,-2,ASH_COATED_OSMIUM
206500,,,ASH_COATED_OSMIUM,XIRECS,9985.0,3,-2,29955.0,-2,ASH_COATED_OSMIUM,9985.0,26.0,,,,,10003.0,11.0,10006.0,26.0,,,9994.0,0.0,18.0,9997.648648648648,259610.0,110033.0,0.40540540540540543,26.0,37.0,-9.0,0.0,-18.0,sell_aggressor,-2,ASH_COATED_OSMIUM
207600,,,ASH_COATED_OSMIUM,XIRECS,10003.0,2,-2,20006.0,-2,ASH_COATED_OSMIUM,9987.0,11.0,9985.0,29.0,,,10003.0,11.0,10006.0,29.0,,,9995.0,0.0,16.0,9995.0,109857.0,110033.0,0.0,40.0,40.0,8.0,16.0,0.0,buy_aggressor,-2,ASH_COATED_OSMIUM
208500,,,ASH_COATED_OSMIUM,XIRECS,10003.0,9,-2,90027.0,-2,ASH_COATED_OSMIUM,9985.0,29.0,,,,,10003.0,13.0,10006.0,29.0,,,9994.0,0.0,18.0,9997.42857142857,289565.0,130039.0,0.38095238095238093,29.0,42.0,9.0,18.0,0.0,buy_aggressor,-2,ASH_COATED_OSMIUM
211000,,,ASH_COATED_OSMIUM,XIRECS,9987.0,2,-2,19974.0,-2,ASH_COATED_OSMIUM,9987.0,10.0,9985.0,29.0,,,10003.0,10.0,10006.0,29.0,,,9995.0,0.0,16.0,9995.0,99870.0,100030.0,0.0,39.0,39.0,-8.0,0.0,-16.0,sell_aggressor,-2,ASH_COATED_OSMIUM
216000,,,ASH_COATED_OSMIUM,XIRECS,9990.0,6,-2,59940.0,-2,ASH_COATED_OSMIUM,9990.0,13.0,9987.0,22.0,,,10006.0,13.0,10008.0,22.0,,,9998.0,0.0,16.0,9998.0,129870.0,130078.0,0.0,35.0,35.0,-8.0,0.0,-16.0,sell_aggressor,-2,ASH_COATED_OSMIUM
216600,,,ASH_COATED_OSMIUM,XIRECS,10006.0,5,-2,50030.0,-2,ASH_COATED_OSMIUM,9990.0,14.0,9987.0,26.0,,,10006.0,14.0,10008.0,26.0,,,9998.0,0.0,16.0,9998.0,139860.0,140084.0,0.0,40.0,40.0,8.0,16.0,0.0,buy_aggressor,-2,ASH_COATED_OSMIUM
220300,,,ASH_COATED_OSMIUM,XIRECS,10000.0,2,-2,20000.0,-2,ASH_COATED_OSMIUM,10000.0,4.0,9991.0,12.0,,,10007.0,12.0,10009.0,26.0,,,10003.5,0.0,7.0,10001.75,40000.0,120084.0,-0.5,16.0,38.0,-3.5,0.0,-7.0,sell_aggressor,-2,ASH_COATED_OSMIUM
221200,,,ASH_COATED_OSMIUM,XIRECS,9992.0,3,-2,29976.0,-2,ASH_COATED_OSMIUM,9992.0,15.0,,,,,10001.0,4.0,10008.0,15.0,,,9996.5,0.0,9.0,9999.105263157895,149880.0,40004.0,0.5789473684210527,15.0,19.0,-4.5,0.0,-9.0,sell_aggressor,-2,ASH_COATED_OSMIUM
224200,,,ASH_COATED_OSMIUM,XIRECS,10009.0,4,-2,40036.0,-2,ASH_COATED_OSMIUM,9993.0,13.0,9990.0,23.0,,,10009.0,13.0,10011.0,23.0,,,10001.0,0.0,16.0,10001.0,129909.0,130117.0,0.0,36.0,36.0,8.0,16.0,0.0,buy_aggressor,-2,ASH_COATED_OSMIUM
225700,,,ASH_COATED_OSMIUM,XIRECS,10007.0,4,-2,40028.0,-2,ASH_COATED_OSMIUM,9989.0,20.0,,,,,10007.0,10.0,10010.0,20.0,,,9998.0,0.0,18.0,10001.0,199780.0,100070.0,0.3333333333333333,20.0,30.0,9.0,18.0,0.0,buy_aggressor,-2,ASH_COATED_OSMIUM
232000,,,ASH_COATED_OSMIUM,XIRECS,10006.0,4,-2,40024.0,-2,ASH_COATED_OSMIUM,9990.0,11.0,9987.0,30.0,,,10006.0,11.0,10008.0,30.0,,,9998.0,0.0,16.0,9998.0,109890.0,110066.0,0.0,41.0,41.0,8.0,16.0,0.0,buy_aggressor,-2,ASH_COATED_OSMIUM
232100,,,ASH_COATED_OSMIUM,XIRECS,9990.0,2,-2,19980.0,-2,ASH_COATED_OSMIUM,9990.0,15.0,9988.0,22.0,,,10000.0,4.0,10006.0,15.0,,,9995.0,0.0,10.0,9997.894736842105,149850.0,40000.0,0.5789473684210527,37.0,19.0,-5.0,0.0,-10.0,sell_aggressor,-2,ASH_COATED_OSMIUM
236400,,,ASH_COATED_OSMIUM,XIRECS,10006.0,9,-2,90054.0,-2,ASH_COATED_OSMIUM,9990.0,15.0,,,,,10006.0,15.0,10008.0,25.0,,,9998.0,0.0,16.0,9998.0,149850.0,150090.0,0.0,15.0,40.0,8.0,16.0,0.0,buy_aggressor,-2,ASH_COATED_OSMIUM
236600,,,ASH_COATED_OSMIUM,XIRECS,9990.0,10,-2,99900.0,-2,ASH_COATED_OSMIUM,9990.0,11.0,9987.0,26.0,,,10006.0,11.0,10008.0,26.0,,,9998.0,0.0,16.0,9998.0,109890.0,110066.0,0.0,37.0,37.0,-8.0,0.0,-16.0,sell_aggressor,-2,ASH_COATED_OSMIUM
236800,,,ASH_COATED_OSMIUM,XIRECS,10006.0,2,-2,20012.0,-2,ASH_COATED_OSMIUM,9990.0,14.0,9987.0,24.0,,,10006.0,14.0,10008.0,24.0,,,9998.0,0.0,16.0,9998.0,139860.0,140084.0,0.0,38.0,38.0,8.0,16.0,0.0,buy_aggressor,-2,ASH_COATED_OSMIUM
242400,,,ASH_COATED_OSMIUM,XIRECS,10008.0,5,-2,50040.0,-2,ASH_COATED_OSMIUM,9989.0,15.0,9987.0,23.0,,,10008.0,23.0,,,,,9998.5,0.0,19.0,9996.5,149835.0,230184.0,-0.21052631578947367,38.0,23.0,9.5,19.0,0.0,buy_aggressor,-2,ASH_COATED_OSMIUM
242600,,,ASH_COATED_OSMIUM,XIRECS,10005.0,4,-2,40020.0,-2,ASH_COATED_OSMIUM,9989.0,13.0,9986.0,24.0,,,10005.0,13.0,,,,,9997.0,0.0,16.0,9997.0,129857.0,130065.0,0.0,37.0,13.0,8.0,16.0,0.0,buy_aggressor,-2,ASH_COATED_OSMIUM
244000,,,ASH_COATED_OSMIUM,XIRECS,10005.0,2,-2,20010.0,-2,ASH_COATED_OSMIUM,9987.0,27.0,,,,,10005.0,12.0,10008.0,27.0,,,9996.0,0.0,18.0,9999.461538461539,269649.0,120060.0,0.38461538461538464,27.0,39.0,9.0,18.0,0.0,buy_aggressor,-2,ASH_COATED_OSMIUM
245900,,,ASH_COATED_OSMIUM,XIRECS,9990.0,3,-2,29970.0,-2,ASH_COATED_OSMIUM,9990.0,14.0,,,,,10009.0,27.0,,,,,9999.5,0.0,19.0,9996.487804878048,139860.0,270243.0,-0.3170731707317073,14.0,27.0,-9.5,0.0,-19.0,sell_aggressor,-2,ASH_COATED_OSMIUM
249700,,,ASH_COATED_OSMIUM,XIRECS,9990.0,4,-2,39960.0,-2,ASH_COATED_OSMIUM,9990.0,15.0,9987.0,28.0,,,10006.0,15.0,10008.0,28.0,,,9998.0,0.0,16.0,9998.0,149850.0,150090.0,0.0,43.0,43.0,-8.0,0.0,-16.0,sell_aggressor,-2,ASH_COATED_OSMIUM
253000,,,ASH_COATED_OSMIUM,XIRECS,10007.0,2,-2,20014.0,-2,ASH_COATED_OSMIUM,9989.0,27.0,,,,,10007.0,12.0,10010.0,27.0,,,9998.0,0.0,18.0,10001.461538461539,269703.0,120084.0,0.38461538461538464,27.0,39.0,9.0,18.0,0.0,buy_aggressor,-2,ASH_COATED_OSMIUM
254100,,,ASH_COATED_OSMIUM,XIRECS,10000.0,4,-2,40000.0,-2,ASH_COATED_OSMIUM,10000.0,2.0,9990.0,13.0,,,10006.0,13.0,10009.0,24.0,,,10003.0,0.0,6.0,10000.8,20000.0,130078.0,-0.7333333333333333,15.0,37.0,-3.0,0.0,-6.0,sell_aggressor,-2,ASH_COATED_OSMIUM
254400,,,ASH_COATED_OSMIUM,XIRECS,9995.0,2,-2,19990.0,-2,ASH_COATED_OSMIUM,9995.0,3.0,9990.0,15.0,9987.0,24.0,10006.0,15.0,10008.0,24.0,,,10000.5,0.0,11.0,9996.833333333334,29985.0,150090.0,-0.6666666666666666,42.0,39.0,-5.5,0.0,-11.0,sell_aggressor,-2,ASH_COATED_OSMIUM
255200,,,ASH_COATED_OSMIUM,XIRECS,9989.0,2,-2,19978.0,-2,ASH_COATED_OSMIUM,9989.0,11.0,9986.0,26.0,,,10005.0,11.0,10007.0,26.0,,,9997.0,0.0,16.0,9997.0,109879.0,110055.0,0.0,37.0,37.0,-8.0,0.0,-16.0,sell_aggressor,-2,ASH_COATED_OSMIUM
257500,,,ASH_COATED_OSMIUM,XIRECS,10004.0,5,-2,50020.0,-2,ASH_COATED_OSMIUM,9988.0,11.0,9985.0,24.0,,,10004.0,11.0,,,,,9996.0,0.0,16.0,9996.0,109868.0,110044.0,0.0,35.0,11.0,8.0,16.0,0.0,buy_aggressor,-2,ASH_COATED_OSMIUM
260000,,,ASH_COATED_OSMIUM,XIRECS,10003.0,7,-2,70021.0,-2,ASH_COATED_OSMIUM,9987.0,10.0,9985.0,28.0,,,10003.0,10.0,10006.0,28.0,,,9995.0,0.0,16.0,9995.0,99870.0,100030.0,0.0,38.0,38.0,8.0,16.0,0.0,buy_aggressor,-2,ASH_COATED_OSMIUM
260800,,,ASH_COATED_OSMIUM,XIRECS,9987.0,3,-2,29961.0,-2,ASH_COATED_OSMIUM,9987.0,10.0,9985.0,23.0,,,10003.0,10.0,10006.0,23.0,,,9995.0,0.0,16.0,9995.0,99870.0,100030.0,0.0,33.0,33.0,-8.0,0.0,-16.0,sell_aggressor,-2,ASH_COATED_OSMIUM
261600,,,ASH_COATED_OSMIUM,XIRECS,10003.0,4,-2,40012.0,-2,ASH_COATED_OSMIUM,9985.0,25.0,,,,,10003.0,10.0,,,,,9994.0,0.0,18.0,9997.857142857143,249625.0,100030.0,0.42857142857142855,25.0,10.0,9.0,18.0,0.0,buy_aggressor,-2,ASH_COATED_OSMIUM
263500,,,ASH_COATED_OSMIUM,XIRECS,9986.0,3,-2,29958.0,-2,ASH_COATED_OSMIUM,9986.0,14.0,9984.0,26.0,,,10002.0,14.0,10005.0,26.0,,,9994.0,0.0,16.0,9994.0,139804.0,140028.0,0.0,40.0,40.0,-8.0,0.0,-16.0,sell_aggressor,-2,ASH_COATED_OSMIUM
269500,,,ASH_COATED_OSMIUM,XIRECS,10002.0,2,-2,20004.0,-2,ASH_COATED_OSMIUM,9984.0,10.0,9981.0,21.0,,,10002.0,21.0,,,,,9993.0,0.0,18.0,9989.806451612903,99840.0,210042.0,-0.3548387096774194,31.0,21.0,9.0,18.0,0.0,buy_aggressor,-2,ASH_COATED_OSMIUM
274300,,,ASH_COATED_OSMIUM,XIRECS,9985.0,5,-2,49925.0,-2,ASH_COATED_OSMIUM,9985.0,25.0,,,,,10003.0,14.0,10006.0,25.0,,,9994.0,0.0,18.0,9996.538461538461,249625.0,140042.0,0.28205128205128205,25.0,39.0,-9.0,0.0,-18.0,sell_aggressor,-2,ASH_COATED_OSMIUM
281200,,,ASH_COATED_OSMIUM,XIRECS,9983.0,3,-2,29949.0,-2,ASH_COATED_OSMIUM,9983.0,11.0,9980.0,30.0,,,9999.0,11.0,10001.0,30.0,,,9991.0,0.0,16.0,9991.0,109813.0,109989.0,0.0,41.0,41.0,-8.0,0.0,-16.0,sell_aggressor,-2,ASH_COATED_OSMIUM
281300,,,ASH_COATED_OSMIUM,XIRECS,9983.0,4,-2,39932.0,-2,ASH_COATED_OSMIUM,9983.0,14.0,9981.0,22.0,,,9999.0,14.0,10002.0,22.0,,,9991.0,0.0,16.0,9991.0,139762.0,139986.0,0.0,36.0,36.0,-8.0,0.0,-16.0,sell_aggressor,-2,ASH_COATED_OSMIUM
281600,,,ASH_COATED_OSMIUM,XIRECS,10000.0,5,-2,50000.0,-2,ASH_COATED_OSMIUM,9984.0,10.0,9981.0,28.0,,,10000.0,10.0,10002.0,28.0,,,9992.0,0.0,16.0,9992.0,99840.0,100000.0,0.0,38.0,38.0,8.0,16.0,0.0,buy_aggressor,-2,ASH_COATED_OSMIUM
282600,,,ASH_COATED_OSMIUM,XIRECS,10002.0,6,-2,60012.0,-2,ASH_COATED_OSMIUM,9983.0,25.0,,,,,10002.0,11.0,10004.0,25.0,,,9992.5,0.0,19.0,9996.194444444445,249575.0,110022.0,0.3888888888888889,25.0,36.0,9.5,19.0,0.0,buy_aggressor,-2,ASH_COATED_OSMIUM
285400,,,ASH_COATED_OSMIUM,XIRECS,9987.0,10,-2,99870.0,-2,ASH_COATED_OSMIUM,9987.0,13.0,,,,,10005.0,20.0,,,,,9996.0,0.0,18.0,9994.09090909091,129831.0,200100.0,-0.21212121212121213,13.0,20.0,-9.0,0.0,-18.0,sell_aggressor,-2,ASH_COATED_OSMIUM
288300,,,ASH_COATED_OSMIUM,XIRECS,10001.0,7,-2,70007.0,-2,ASH_COATED_OSMIUM,9985.0,14.0,9982.0,21.0,,,10001.0,14.0,10003.0,21.0,,,9993.0,0.0,16.0,9993.0,139790.0,140014.0,0.0,35.0,35.0,8.0,16.0,0.0,buy_aggressor,-2,ASH_COATED_OSMIUM
289400,,,ASH_COATED_OSMIUM,XIRECS,9986.0,6,-2,59916.0,-2,ASH_COATED_OSMIUM,9986.0,12.0,9983.0,23.0,,,10002.0,12.0,10004.0,23.0,,,9994.0,0.0,16.0,9994.0,119832.0,120024.0,0.0,35.0,35.0,-8.0,0.0,-16.0,sell_aggressor,-2,ASH_COATED_OSMIUM
291200,,,ASH_COATED_OSMIUM,XIRECS,9986.0,7,-2,69902.0,-2,ASH_COATED_OSMIUM,9986.0,15.0,9984.0,28.0,,,10005.0,28.0,,,,,9995.5,0.0,19.0,9992.627906976744,149790.0,280140.0,-0.3023255813953488,43.0,28.0,-9.5,0.0,-19.0,sell_aggressor,-2,ASH_COATED_OSMIUM
292200,,,ASH_COATED_OSMIUM,XIRECS,9986.0,2,-2,19972.0,-2,ASH_COATED_OSMIUM,9986.0,11.0,9983.0,27.0,,,10002.0,11.0,10004.0,27.0,,,9994.0,0.0,16.0,9994.0,109846.0,110022.0,0.0,38.0,38.0,-8.0,0.0,-16.0,sell_aggressor,-2,ASH_COATED_OSMIUM
295400,,,ASH_COATED_OSMIUM,XIRECS,10001.0,6,-2,60006.0,-2,ASH_COATED_OSMIUM,9991.0,2.0,9985.0,12.0,,,10001.0,12.0,10004.0,29.0,,,9996.0,0.0,10.0,9992.42857142857,19982.0,120012.0,-0.7142857142857143,14.0,41.0,5.0,10.0,0.0,buy_aggressor,-2,ASH_COATED_OSMIUM
297600,,,ASH_COATED_OSMIUM,XIRECS,10003.0,6,-2,60018.0,-2,ASH_COATED_OSMIUM,9987.0,11.0,9985.0,22.0,,,10003.0,11.0,10006.0,22.0,,,9995.0,0.0,16.0,9995.0,109857.0,110033.0,0.0,33.0,33.0,8.0,16.0,0.0,buy_aggressor,-2,ASH_COATED_OSMIUM
298600,,,ASH_COATED_OSMIUM,XIRECS,10006.0,2,-2,20012.0,-2,ASH_COATED_OSMIUM,9987.0,12.0,9985.0,28.0,,,10006.0,28.0,,,,,9996.5,0.0,19.0,9992.7,119844.0,280168.0,-0.4,40.0,28.0,9.5,19.0,0.0,buy_aggressor,-2,ASH_COATED_OSMIUM
300000,,,ASH_COATED_OSMIUM,XIRECS,10000.0,6,-2,60000.0,-2,ASH_COATED_OSMIUM,9984.0,12.0,9982.0,28.0,,,10000.0,12.0,10003.0,28.0,,,9992.0,0.0,16.0,9992.0,119808.0,120000.0,0.0,40.0,40.0,8.0,16.0,0.0,buy_aggressor,-2,ASH_COATED_OSMIUM
300900,,,ASH_COATED_OSMIUM,XIRECS,9982.0,10,-2,99820.0,-2,ASH_COATED_OSMIUM,9982.0,10.0,9980.0,30.0,,,10001.0,30.0,,,,,9991.5,0.0,19.0,9986.75,99820.0,300030.0,-0.5,40.0,30.0,-9.5,0.0,-19.0,sell_aggressor,-2,ASH_COATED_OSMIUM
302000,,,ASH_COATED_OSMIUM,XIRECS,9981.0,6,-2,59886.0,-2,ASH_COATED_OSMIUM,9981.0,15.0,,,,,,,,,,,9981.0,0.0,,,149715.0,,,15.0,0.0,0.0,0.0,,sell_aggressor,-2,ASH_COATED_OSMIUM
303700,,,ASH_COATED_OSMIUM,XIRECS,10000.0,5,-2,50000.0,-2,ASH_COATED_OSMIUM,9984.0,10.0,9981.0,26.0,,,10000.0,10.0,,,,,9992.0,0.0,16.0,9992.0,99840.0,100000.0,0.0,36.0,10.0,8.0,16.0,0.0,buy_aggressor,-2,ASH_COATED_OSMIUM
304000,,,ASH_COATED_OSMIUM,XIRECS,10000.0,5,-2,50000.0,-2,ASH_COATED_OSMIUM,9984.0,12.0,,,,,10000.0,12.0,10002.0,23.0,,,9992.0,0.0,16.0,9992.0,119808.0,120000.0,0.0,12.0,35.0,8.0,16.0,0.0,buy_aggressor,-2,ASH_COATED_OSMIUM
306100,,,ASH_COATED_OSMIUM,XIRECS,9985.0,9,-2,89865.0,-2,ASH_COATED_OSMIUM,9985.0,11.0,9982.0,23.0,,,10001.0,11.0,10003.0,23.0,,,9993.0,0.0,16.0,9993.0,109835.0,110011.0,0.0,34.0,34.0,-8.0,0.0,-16.0,sell_aggressor,-2,ASH_COATED_OSMIUM
306400,,,ASH_COATED_OSMIUM,XIRECS,10001.0,7,-2,70007.0,-2,ASH_COATED_OSMIUM,9985.0,10.0,9982.0,30.0,,,10001.0,10.0,10003.0,30.0,,,9993.0,0.0,16.0,9993.0,99850.0,100010.0,0.0,40.0,40.0,8.0,16.0,0.0,buy_aggressor,-2,ASH_COATED_OSMIUM
313700,,,ASH_COATED_OSMIUM,XIRECS,10000.0,4,-2,40000.0,-2,ASH_COATED_OSMIUM,9984.0,13.0,9981.0,26.0,,,10000.0,13.0,10002.0,26.0,,,9992.0,0.0,16.0,9992.0,129792.0,130000.0,0.0,39.0,39.0,8.0,16.0,0.0,buy_aggressor,-2,ASH_COATED_OSMIUM
314200,,,ASH_COATED_OSMIUM,XIRECS,10000.0,4,-2,40000.0,-2,ASH_COATED_OSMIUM,9984.0,11.0,9982.0,24.0,,,10000.0,11.0,,,,,9992.0,0.0,16.0,9992.0,109824.0,110000.0,0.0,35.0,11.0,8.0,16.0,0.0,buy_aggressor,-2,ASH_COATED_OSMIUM
315300,,,ASH_COATED_OSMIUM,XIRECS,10000.0,6,-2,60000.0,-2,ASH_COATED_OSMIUM,9984.0,15.0,,,,,10000.0,15.0,,,,,9992.0,0.0,16.0,9992.0,149760.0,150000.0,0.0,15.0,15.0,8.0,16.0,0.0,buy_aggressor,-2,ASH_COATED_OSMIUM
316200,,,ASH_COATED_OSMIUM,XIRECS,9985.0,3,-2,29955.0,-2,ASH_COATED_OSMIUM,9985.0,11.0,9982.0,20.0,,,10000.0,11.0,,,,,9992.5,0.0,15.0,9992.5,109835.0,110000.0,0.0,31.0,11.0,-7.5,0.0,-15.0,sell_aggressor,-2,ASH_COATED_OSMIUM
318800,,,ASH_COATED_OSMIUM,XIRECS,9986.0,7,-2,69902.0,-2,ASH_COATED_OSMIUM,9986.0,12.0,9983.0,26.0,,,10004.0,26.0,,,,,9995.0,0.0,18.0,9991.684210526315,119832.0,260104.0,-0.3684210526315789,38.0,26.0,-9.0,0.0,-18.0,sell_aggressor,-2,ASH_COATED_OSMIUM
321100,,,ASH_COATED_OSMIUM,XIRECS,10002.0,6,-2,60012.0,-2,ASH_COATED_OSMIUM,9986.0,14.0,9984.0,25.0,,,10002.0,14.0,10005.0,25.0,,,9994.0,0.0,16.0,9994.0,139804.0,140028.0,0.0,39.0,39.0,8.0,16.0,0.0,buy_aggressor,-2,ASH_COATED_OSMIUM
324600,,,ASH_COATED_OSMIUM,XIRECS,10002.0,6,-2,60012.0,-2,ASH_COATED_OSMIUM,9984.0,21.0,,,,,10002.0,15.0,10005.0,21.0,,,9993.0,0.0,18.0,9994.5,209664.0,150030.0,0.16666666666666666,21.0,36.0,9.0,18.0,0.0,buy_aggressor,-2,ASH_COATED_OSMIUM
330800,,,ASH_COATED_OSMIUM,XIRECS,9982.0,6,-2,59892.0,-2,ASH_COATED_OSMIUM,9982.0,25.0,,,,,10003.0,25.0,,,,,9992.5,0.0,21.0,9992.5,249550.0,250075.0,0.0,25.0,25.0,-10.5,0.0,-21.0,sell_aggressor,-2,ASH_COATED_OSMIUM
333400,,,ASH_COATED_OSMIUM,XIRECS,9983.0,10,-2,99830.0,-2,ASH_COATED_OSMIUM,9983.0,11.0,9980.0,27.0,,,9999.0,11.0,10001.0,27.0,,,9991.0,0.0,16.0,9991.0,109813.0,109989.0,0.0,38.0,38.0,-8.0,0.0,-16.0,sell_aggressor,-2,ASH_COATED_OSMIUM
333600,,,ASH_COATED_OSMIUM,XIRECS,9999.0,5,-2,49995.0,-2,ASH_COATED_OSMIUM,9980.0,26.0,,,,,9999.0,11.0,10001.0,26.0,,,9989.5,0.0,19.0,9993.351351351352,259480.0,109989.0,0.40540540540540543,26.0,37.0,9.5,19.0,0.0,buy_aggressor,-2,ASH_COATED_OSMIUM
346700,,,ASH_COATED_OSMIUM,XIRECS,9979.0,3,-2,29937.0,-2,ASH_COATED_OSMIUM,9979.0,21.0,,,,,9998.0,13.0,,,,,9988.5,0.0,19.0,9990.735294117647,209559.0,129974.0,0.23529411764705882,21.0,13.0,-9.5,0.0,-19.0,sell_aggressor,-2,ASH_COATED_OSMIUM
349500,,,ASH_COATED_OSMIUM,XIRECS,9999.0,6,-2,59994.0,-2,ASH_COATED_OSMIUM,9980.0,30.0,,,,,9999.0,11.0,10001.0,30.0,,,9989.5,0.0,19.0,9993.90243902439,299400.0,109989.0,0.4634146341463415,30.0,41.0,9.5,19.0,0.0,buy_aggressor,-2,ASH_COATED_OSMIUM
351800,,,ASH_COATED_OSMIUM,XIRECS,10003.0,4,-2,40012.0,-2,ASH_COATED_OSMIUM,9987.0,13.0,9985.0,21.0,,,10003.0,13.0,10006.0,21.0,,,9995.0,0.0,16.0,9995.0,129831.0,130039.0,0.0,34.0,34.0,8.0,16.0,0.0,buy_aggressor,-2,ASH_COATED_OSMIUM
354200,,,ASH_COATED_OSMIUM,XIRECS,9986.0,6,-2,59916.0,-2,ASH_COATED_OSMIUM,9986.0,12.0,9984.0,21.0,,,10002.0,12.0,10005.0,21.0,,,9994.0,0.0,16.0,9994.0,119832.0,120024.0,0.0,33.0,33.0,-8.0,0.0,-16.0,sell_aggressor,-2,ASH_COATED_OSMIUM
354700,,,ASH_COATED_OSMIUM,XIRECS,10003.0,4,-2,40012.0,-2,ASH_COATED_OSMIUM,9987.0,14.0,9984.0,20.0,,,10003.0,14.0,10005.0,20.0,,,9995.0,0.0,16.0,9995.0,139818.0,140042.0,0.0,34.0,34.0,8.0,16.0,0.0,buy_aggressor,-2,ASH_COATED_OSMIUM
355900,,,ASH_COATED_OSMIUM,XIRECS,10006.0,6,-2,60036.0,-2,ASH_COATED_OSMIUM,9988.0,12.0,9985.0,20.0,,,10006.0,20.0,,,,,9997.0,0.0,18.0,9994.75,119856.0,200120.0,-0.25,32.0,20.0,9.0,18.0,0.0,buy_aggressor,-2,ASH_COATED_OSMIUM
361700,,,ASH_COATED_OSMIUM,XIRECS,10005.0,2,-2,20010.0,-2,ASH_COATED_OSMIUM,9987.0,28.0,,,,,10005.0,14.0,10008.0,28.0,,,9996.0,0.0,18.0,9999.0,279636.0,140070.0,0.3333333333333333,28.0,42.0,9.0,18.0,0.0,buy_aggressor,-2,ASH_COATED_OSMIUM
364000,,,ASH_COATED_OSMIUM,XIRECS,10007.0,9,-2,90063.0,-2,ASH_COATED_OSMIUM,9994.0,2.0,9986.0,28.0,,,10007.0,28.0,,,,,10000.5,0.0,13.0,9994.866666666667,19988.0,280196.0,-0.8666666666666667,30.0,28.0,6.5,13.0,0.0,buy_aggressor,-2,ASH_COATED_OSMIUM
367100,,,ASH_COATED_OSMIUM,XIRECS,10007.0,5,-2,50035.0,-2,ASH_COATED_OSMIUM,9991.0,15.0,9988.0,22.0,,,10007.0,15.0,,,,,9999.0,0.0,16.0,9999.0,149865.0,150105.0,0.0,37.0,15.0,8.0,16.0,0.0,buy_aggressor,-2,ASH_COATED_OSMIUM
368100,,,ASH_COATED_OSMIUM,XIRECS,10009.0,6,-2,60054.0,-2,ASH_COATED_OSMIUM,9993.0,12.0,9990.0,22.0,,,10009.0,12.0,10011.0,22.0,,,10001.0,0.0,16.0,10001.0,119916.0,120108.0,0.0,34.0,34.0,8.0,16.0,0.0,buy_aggressor,-2,ASH_COATED_OSMIUM
370400,,,ASH_COATED_OSMIUM,XIRECS,9993.0,6,-2,59958.0,-2,ASH_COATED_OSMIUM,9993.0,15.0,,,,,10011.0,24.0,,,,,10002.0,0.0,18.0,9999.923076923076,149895.0,240264.0,-0.23076923076923078,15.0,24.0,-9.0,0.0,-18.0,sell_aggressor,-2,ASH_COATED_OSMIUM
370700,,,ASH_COATED_OSMIUM,XIRECS,9993.0,8,-2,79944.0,-2,ASH_COATED_OSMIUM,9993.0,11.0,9990.0,26.0,,,10009.0,11.0,10011.0,26.0,,,10001.0,0.0,16.0,10001.0,109923.0,110099.0,0.0,37.0,37.0,-8.0,0.0,-16.0,sell_aggressor,-2,ASH_COATED_OSMIUM
372600,,,ASH_COATED_OSMIUM,XIRECS,9990.0,6,-2,59940.0,-2,ASH_COATED_OSMIUM,9990.0,30.0,,,,,10009.0,14.0,10011.0,30.0,,,9999.5,0.0,19.0,10002.954545454546,299700.0,140126.0,0.36363636363636365,30.0,44.0,-9.5,0.0,-19.0,sell_aggressor,-2,ASH_COATED_OSMIUM
377800,,,ASH_COATED_OSMIUM,XIRECS,10008.0,7,-2,70056.0,-2,ASH_COATED_OSMIUM,9990.0,30.0,,,,,10008.0,10.0,10011.0,30.0,,,9999.0,0.0,18.0,10003.5,299700.0,100080.0,0.5,30.0,40.0,9.0,18.0,0.0,buy_aggressor,-2,ASH_COATED_OSMIUM
379600,,,ASH_COATED_OSMIUM,XIRECS,9994.0,2,-2,19988.0,-2,ASH_COATED_OSMIUM,9994.0,10.0,9991.0,30.0,,,10010.0,10.0,,,,,10002.0,0.0,16.0,10002.0,99940.0,100100.0,0.0,40.0,10.0,-8.0,0.0,-16.0,sell_aggressor,-2,ASH_COATED_OSMIUM
385000,,,ASH_COATED_OSMIUM,XIRECS,10005.0,4,-2,40020.0,-2,ASH_COATED_OSMIUM,9995.0,14.0,,,,,10005.0,1.0,10011.0,14.0,10014.0,29.0,10000.0,0.0,10.0,10004.333333333334,139930.0,10005.0,0.8666666666666667,14.0,44.0,5.0,10.0,0.0,buy_aggressor,-2,ASH_COATED_OSMIUM
387100,,,ASH_COATED_OSMIUM,XIRECS,10010.0,3,-2,30030.0,-2,ASH_COATED_OSMIUM,9994.0,11.0,9991.0,22.0,,,10010.0,11.0,,,,,10002.0,0.0,16.0,10002.0,109934.0,110110.0,0.0,33.0,11.0,8.0,16.0,0.0,buy_aggressor,-2,ASH_COATED_OSMIUM
387100,,,ASH_COATED_OSMIUM,XIRECS,9994.0,5,-2,49970.0,-2,ASH_COATED_OSMIUM,9994.0,11.0,9991.0,22.0,,,10010.0,11.0,,,,,10002.0,0.0,16.0,10002.0,109934.0,110110.0,0.0,33.0,11.0,-8.0,0.0,-16.0,sell_aggressor,-2,ASH_COATED_OSMIUM
390000,,,ASH_COATED_OSMIUM,XIRECS,9995.0,5,-2,49975.0,-2,ASH_COATED_OSMIUM,9995.0,11.0,9993.0,23.0,,,10011.0,11.0,10014.0,23.0,,,10003.0,0.0,16.0,10003.0,109945.0,110121.0,0.0,34.0,34.0,-8.0,0.0,-16.0,sell_aggressor,-2,ASH_COATED_OSMIUM
391500,,,ASH_COATED_OSMIUM,XIRECS,9992.0,7,-2,69944.0,-2,ASH_COATED_OSMIUM,9992.0,20.0,,,,,10011.0,14.0,10013.0,20.0,,,10001.5,0.0,19.0,10003.176470588236,199840.0,140154.0,0.17647058823529413,20.0,34.0,-9.5,0.0,-19.0,sell_aggressor,-2,ASH_COATED_OSMIUM
394100,,,ASH_COATED_OSMIUM,XIRECS,10013.0,7,-2,70091.0,-2,ASH_COATED_OSMIUM,9995.0,25.0,,,,,10013.0,11.0,10016.0,25.0,,,10004.0,0.0,18.0,10007.5,249875.0,110143.0,0.3888888888888889,25.0,36.0,9.0,18.0,0.0,buy_aggressor,-2,ASH_COATED_OSMIUM
395900,,,ASH_COATED_OSMIUM,XIRECS,9996.0,3,-2,29988.0,-2,ASH_COATED_OSMIUM,9996.0,13.0,9993.0,24.0,,,10012.0,13.0,10014.0,24.0,,,10004.0,0.0,16.0,10004.0,129948.0,130156.0,0.0,37.0,37.0,-8.0,0.0,-16.0,sell_aggressor,-2,ASH_COATED_OSMIUM
396400,,,ASH_COATED_OSMIUM,XIRECS,9996.0,8,-2,79968.0,-2,ASH_COATED_OSMIUM,9996.0,14.0,,,,,10012.0,14.0,10015.0,30.0,,,10004.0,0.0,16.0,10004.0,139944.0,140168.0,0.0,14.0,44.0,-8.0,0.0,-16.0,sell_aggressor,-2,ASH_COATED_OSMIUM
399900,,,ASH_COATED_OSMIUM,XIRECS,9995.0,9,-2,89955.0,-2,ASH_COATED_OSMIUM,9995.0,11.0,9992.0,25.0,,,10011.0,11.0,10013.0,25.0,,,10003.0,0.0,16.0,10003.0,109945.0,110121.0,0.0,36.0,36.0,-8.0,0.0,-16.0,sell_aggressor,-2,ASH_COATED_OSMIUM
401400,,,ASH_COATED_OSMIUM,XIRECS,9995.0,6,-2,59970.0,-2,ASH_COATED_OSMIUM,9995.0,10.0,9992.0,30.0,,,10011.0,10.0,10013.0,30.0,,,10003.0,0.0,16.0,10003.0,99950.0,100110.0,0.0,40.0,40.0,-8.0,0.0,-16.0,sell_aggressor,-2,ASH_COATED_OSMIUM
402300,,,ASH_COATED_OSMIUM,XIRECS,10014.0,7,-2,70098.0,-2,ASH_COATED_OSMIUM,9996.0,10.0,9993.0,23.0,,,10014.0,23.0,,,,,10005.0,0.0,18.0,10001.454545454546,99960.0,230322.0,-0.3939393939393939,33.0,23.0,9.0,18.0,0.0,buy_aggressor,-2,ASH_COATED_OSMIUM
403200,,,ASH_COATED_OSMIUM,XIRECS,9999.0,5,-2,49995.0,-2,ASH_COATED_OSMIUM,9999.0,5.0,9994.0,12.0,9991.0,30.0,10010.0,12.0,10012.0,30.0,,,10004.5,0.0,11.0,10002.235294117647,49995.0,120120.0,-0.4117647058823529,47.0,42.0,-5.5,0.0,-11.0,sell_aggressor,-2,ASH_COATED_OSMIUM
404200,,,ASH_COATED_OSMIUM,XIRECS,10010.0,6,-2,60060.0,-2,ASH_COATED_OSMIUM,10000.0,4.0,,,,,10010.0,13.0,,,,,10005.0,0.0,10.0,10002.35294117647,40000.0,130130.0,-0.5294117647058824,4.0,13.0,5.0,10.0,0.0,buy_aggressor,-2,ASH_COATED_OSMIUM
412200,,,ASH_COATED_OSMIUM,XIRECS,9997.0,2,-2,19994.0,-2,ASH_COATED_OSMIUM,9997.0,15.0,9995.0,27.0,,,10013.0,15.0,10016.0,27.0,,,10005.0,0.0,16.0,10005.0,149955.0,150195.0,0.0,42.0,42.0,-8.0,0.0,-16.0,sell_aggressor,-2,ASH_COATED_OSMIUM
414900,,,ASH_COATED_OSMIUM,XIRECS,9998.0,8,-2,79984.0,-2,ASH_COATED_OSMIUM,9998.0,12.0,,,,,10014.0,12.0,10016.0,30.0,,,10006.0,0.0,16.0,10006.0,119976.0,120168.0,0.0,12.0,42.0,-8.0,0.0,-16.0,sell_aggressor,-2,ASH_COATED_OSMIUM
416800,,,ASH_COATED_OSMIUM,XIRECS,10018.0,9,-2,90162.0,-2,ASH_COATED_OSMIUM,10000.0,11.0,9997.0,20.0,,,10018.0,20.0,,,,,10009.0,0.0,18.0,10006.387096774193,110000.0,200360.0,-0.2903225806451613,31.0,20.0,9.0,18.0,0.0,buy_aggressor,-2,ASH_COATED_OSMIUM
417000,,,ASH_COATED_OSMIUM,XIRECS,10000.0,6,-2,60000.0,-2,ASH_COATED_OSMIUM,10000.0,13.0,9997.0,26.0,,,10009.0,5.0,10016.0,13.0,10018.0,26.0,10004.5,0.0,9.0,10006.5,130000.0,50045.0,0.4444444444444444,39.0,44.0,-4.5,0.0,-9.0,sell_aggressor,-2,ASH_COATED_OSMIUM
418000,,,ASH_COATED_OSMIUM,XIRECS,10018.0,6,-2,60108.0,-2,ASH_COATED_OSMIUM,9999.0,13.0,9997.0,25.0,,,10018.0,25.0,,,,,10008.5,0.0,19.0,10005.5,129987.0,250450.0,-0.3157894736842105,38.0,25.0,9.5,19.0,0.0,buy_aggressor,-2,ASH_COATED_OSMIUM
436300,,,ASH_COATED_OSMIUM,XIRECS,9999.0,3,-2,29997.0,-2,ASH_COATED_OSMIUM,9999.0,12.0,9996.0,25.0,,,10015.0,12.0,10017.0,25.0,,,10007.0,0.0,16.0,10007.0,119988.0,120180.0,0.0,37.0,37.0,-8.0,0.0,-16.0,sell_aggressor,-2,ASH_COATED_OSMIUM
438600,,,ASH_COATED_OSMIUM,XIRECS,9995.0,6,-2,59970.0,-2,ASH_COATED_OSMIUM,9995.0,15.0,9993.0,25.0,,,10011.0,15.0,10014.0,25.0,,,10003.0,0.0,16.0,10003.0,149925.0,150165.0,0.0,40.0,40.0,-8.0,0.0,-16.0,sell_aggressor,-2,ASH_COATED_OSMIUM
439300,,,ASH_COATED_OSMIUM,XIRECS,9992.0,10,-2,99920.0,-2,ASH_COATED_OSMIUM,9992.0,27.0,,,,,10011.0,10.0,10013.0,27.0,,,10001.5,0.0,19.0,10005.864864864865,269784.0,100110.0,0.4594594594594595,27.0,37.0,-9.5,0.0,-19.0,sell_aggressor,-2,ASH_COATED_OSMIUM
441100,,,ASH_COATED_OSMIUM,XIRECS,9994.0,7,-2,69958.0,-2,ASH_COATED_OSMIUM,9994.0,13.0,9991.0,25.0,,,,,,,,,9994.0,0.0,,,129922.0,,,38.0,0.0,0.0,0.0,,sell_aggressor,-2,ASH_COATED_OSMIUM
444100,,,ASH_COATED_OSMIUM,XIRECS,10008.0,4,-2,40032.0,-2,ASH_COATED_OSMIUM,9992.0,15.0,,,,,10008.0,15.0,10011.0,20.0,,,10000.0,0.0,16.0,10000.0,149880.0,150120.0,0.0,15.0,35.0,8.0,16.0,0.0,buy_aggressor,-2,ASH_COATED_OSMIUM
447000,,,ASH_COATED_OSMIUM,XIRECS,10009.0,9,-2,90081.0,-2,ASH_COATED_OSMIUM,9998.0,3.0,9993.0,14.0,9990.0,28.0,10009.0,14.0,,,,,10003.5,0.0,11.0,9999.941176470587,29994.0,140126.0,-0.6470588235294118,45.0,14.0,5.5,11.0,0.0,buy_aggressor,-2,ASH_COATED_OSMIUM
449800,,,ASH_COATED_OSMIUM,XIRECS,9989.0,3,-2,29967.0,-2,ASH_COATED_OSMIUM,9989.0,23.0,,,,,10008.0,13.0,,,,,9998.5,0.0,19.0,10001.138888888889,229747.0,130104.0,0.2777777777777778,23.0,13.0,-9.5,0.0,-19.0,sell_aggressor,-2,ASH_COATED_OSMIUM
450700,,,ASH_COATED_OSMIUM,XIRECS,10007.0,6,-2,60042.0,-2,ASH_COATED_OSMIUM,9991.0,14.0,9989.0,28.0,,,10007.0,14.0,,,,,9999.0,0.0,16.0,9999.0,139874.0,140098.0,0.0,42.0,14.0,8.0,16.0,0.0,buy_aggressor,-2,ASH_COATED_OSMIUM
452000,,,ASH_COATED_OSMIUM,XIRECS,10006.0,2,-2,20012.0,-2,ASH_COATED_OSMIUM,9990.0,15.0,,,,,10006.0,15.0,10009.0,24.0,,,9998.0,0.0,16.0,9998.0,149850.0,150090.0,0.0,15.0,39.0,8.0,16.0,0.0,buy_aggressor,-2,ASH_COATED_OSMIUM
453900,,,ASH_COATED_OSMIUM,XIRECS,9992.0,2,-2,19984.0,-2,ASH_COATED_OSMIUM,9992.0,14.0,9989.0,29.0,,,10008.0,14.0,10010.0,29.0,,,10000.0,0.0,16.0,10000.0,139888.0,140112.0,0.0,43.0,43.0,-8.0,0.0,-16.0,sell_aggressor,-2,ASH_COATED_OSMIUM
454100,,,ASH_COATED_OSMIUM,XIRECS,10007.0,6,-2,60042.0,-2,ASH_COATED_OSMIUM,9991.0,14.0,9989.0,23.0,,,10007.0,14.0,10010.0,23.0,,,9999.0,0.0,16.0,9999.0,139874.0,140098.0,0.0,37.0,37.0,8.0,16.0,0.0,buy_aggressor,-2,ASH_COATED_OSMIUM
454200,,,ASH_COATED_OSMIUM,XIRECS,9997.0,3,-2,29991.0,-2,ASH_COATED_OSMIUM,9997.0,3.0,9991.0,11.0,9989.0,30.0,10007.0,11.0,10010.0,30.0,,,10002.0,0.0,10.0,9999.142857142857,29991.0,110077.0,-0.5714285714285714,44.0,41.0,-5.0,0.0,-10.0,sell_aggressor,-2,ASH_COATED_OSMIUM
454800,,,ASH_COATED_OSMIUM,XIRECS,9993.0,4,-2,39972.0,-2,ASH_COATED_OSMIUM,9993.0,12.0,9990.0,26.0,,,10011.0,26.0,,,,,10002.0,0.0,18.0,9998.684210526315,119916.0,260286.0,-0.3684210526315789,38.0,26.0,-9.0,0.0,-18.0,sell_aggressor,-2,ASH_COATED_OSMIUM
455100,,,ASH_COATED_OSMIUM,XIRECS,9993.0,7,-2,69951.0,-2,ASH_COATED_OSMIUM,9993.0,13.0,9990.0,28.0,,,10009.0,13.0,,,,,10001.0,0.0,16.0,10001.0,129909.0,130117.0,0.0,41.0,13.0,-8.0,0.0,-16.0,sell_aggressor,-2,ASH_COATED_OSMIUM
455800,,,ASH_COATED_OSMIUM,XIRECS,9993.0,5,-2,49965.0,-2,ASH_COATED_OSMIUM,9993.0,10.0,,,,,10009.0,10.0,,,,,10001.0,0.0,16.0,10001.0,99930.0,100090.0,0.0,10.0,10.0,-8.0,0.0,-16.0,sell_aggressor,-2,ASH_COATED_OSMIUM
460600,,,ASH_COATED_OSMIUM,XIRECS,10010.0,6,-2,60060.0,-2,ASH_COATED_OSMIUM,9994.0,12.0,9991.0,20.0,,,10010.0,12.0,10012.0,20.0,,,10002.0,0.0,16.0,10002.0,119928.0,120120.0,0.0,32.0,32.0,8.0,16.0,0.0,buy_aggressor,-2,ASH_COATED_OSMIUM
462400,,,ASH_COATED_OSMIUM,XIRECS,10010.0,6,-2,60060.0,-2,ASH_COATED_OSMIUM,9994.0,14.0,,,,,10010.0,14.0,,,,,10002.0,0.0,16.0,10002.0,139916.0,140140.0,0.0,14.0,14.0,8.0,16.0,0.0,buy_aggressor,-2,ASH_COATED_OSMIUM
463200,,,ASH_COATED_OSMIUM,XIRECS,9993.0,3,-2,29979.0,-2,ASH_COATED_OSMIUM,9993.0,13.0,,,,,10009.0,13.0,10012.0,25.0,,,10001.0,0.0,16.0,10001.0,129909.0,130117.0,0.0,13.0,38.0,-8.0,0.0,-16.0,sell_aggressor,-2,ASH_COATED_OSMIUM
469900,,,ASH_COATED_OSMIUM,XIRECS,9992.0,2,-2,19984.0,-2,ASH_COATED_OSMIUM,9992.0,30.0,,,,,10010.0,12.0,,,,,10001.0,0.0,18.0,10004.857142857143,299760.0,120120.0,0.42857142857142855,30.0,12.0,-9.0,0.0,-18.0,sell_aggressor,-2,ASH_COATED_OSMIUM
472500,,,ASH_COATED_OSMIUM,XIRECS,9994.0,5,-2,49970.0,-2,ASH_COATED_OSMIUM,9994.0,12.0,9991.0,20.0,,,10010.0,12.0,10012.0,20.0,,,10002.0,0.0,16.0,10002.0,119928.0,120120.0,0.0,32.0,32.0,-8.0,0.0,-16.0,sell_aggressor,-2,ASH_COATED_OSMIUM
473000,,,ASH_COATED_OSMIUM,XIRECS,10010.0,5,-2,50050.0,-2,ASH_COATED_OSMIUM,9994.0,12.0,,,,,10010.0,12.0,10012.0,23.0,,,10002.0,0.0,16.0,10002.0,119928.0,120120.0,0.0,12.0,35.0,8.0,16.0,0.0,buy_aggressor,-2,ASH_COATED_OSMIUM
475900,,,ASH_COATED_OSMIUM,XIRECS,10009.0,5,-2,50045.0,-2,ASH_COATED_OSMIUM,9991.0,25.0,,,,,10009.0,13.0,,,,,10000.0,0.0,18.0,10002.842105263158,249775.0,130117.0,0.3157894736842105,25.0,13.0,9.0,18.0,0.0,buy_aggressor,-2,ASH_COATED_OSMIUM
479000,,,ASH_COATED_OSMIUM,XIRECS,9991.0,2,-2,19982.0,-2,ASH_COATED_OSMIUM,9991.0,24.0,,,,,10012.0,24.0,,,,,10001.5,0.0,21.0,10001.5,239784.0,240288.0,0.0,24.0,24.0,-10.5,0.0,-21.0,sell_aggressor,-2,ASH_COATED_OSMIUM
479500,,,ASH_COATED_OSMIUM,XIRECS,10010.0,4,-2,40040.0,-2,ASH_COATED_OSMIUM,9994.0,11.0,9992.0,24.0,,,10010.0,11.0,,,,,10002.0,0.0,16.0,10002.0,109934.0,110110.0,0.0,35.0,11.0,8.0,16.0,0.0,buy_aggressor,-2,ASH_COATED_OSMIUM
481100,,,ASH_COATED_OSMIUM,XIRECS,9995.0,3,-2,29985.0,-2,ASH_COATED_OSMIUM,9995.0,14.0,9992.0,22.0,,,10011.0,14.0,10013.0,22.0,,,10003.0,0.0,16.0,10003.0,139930.0,140154.0,0.0,36.0,36.0,-8.0,0.0,-16.0,sell_aggressor,-2,ASH_COATED_OSMIUM
481400,,,ASH_COATED_OSMIUM,XIRECS,9994.0,6,-2,59964.0,-2,ASH_COATED_OSMIUM,9994.0,14.0,9991.0,29.0,,,10010.0,14.0,10012.0,29.0,,,10002.0,0.0,16.0,10002.0,139916.0,140140.0,0.0,43.0,43.0,-8.0,0.0,-16.0,sell_aggressor,-2,ASH_COATED_OSMIUM
483200,,,ASH_COATED_OSMIUM,XIRECS,10011.0,3,-2,30033.0,-2,ASH_COATED_OSMIUM,9993.0,13.0,9990.0,29.0,,,10011.0,29.0,,,,,10002.0,0.0,18.0,9998.57142857143,129909.0,290319.0,-0.38095238095238093,42.0,29.0,9.0,18.0,0.0,buy_aggressor,-2,ASH_COATED_OSMIUM
485200,,,ASH_COATED_OSMIUM,XIRECS,10012.0,4,-2,40048.0,-2,ASH_COATED_OSMIUM,9993.0,14.0,,,,,10012.0,21.0,,,,,10002.5,0.0,19.0,10000.6,139902.0,210252.0,-0.2,14.0,21.0,9.5,19.0,0.0,buy_aggressor,-2,ASH_COATED_OSMIUM
486000,,,ASH_COATED_OSMIUM,XIRECS,9992.0,4,-2,39968.0,-2,ASH_COATED_OSMIUM,9992.0,10.0,9989.0,29.0,,,10008.0,10.0,10010.0,29.0,,,10000.0,0.0,16.0,10000.0,99920.0,100080.0,0.0,39.0,39.0,-8.0,0.0,-16.0,sell_aggressor,-2,ASH_COATED_OSMIUM
491100,,,ASH_COATED_OSMIUM,XIRECS,10003.0,2,-2,20006.0,-2,ASH_COATED_OSMIUM,9987.0,12.0,9985.0,22.0,,,10003.0,12.0,,,,,9995.0,0.0,16.0,9995.0,119844.0,120036.0,0.0,34.0,12.0,8.0,16.0,0.0,buy_aggressor,-2,ASH_COATED_OSMIUM
493600,,,ASH_COATED_OSMIUM,XIRECS,9986.0,3,-2,29958.0,-2,ASH_COATED_OSMIUM,9986.0,13.0,,,,,10004.0,29.0,,,,,9995.0,0.0,18.0,9991.57142857143,129818.0,290116.0,-0.38095238095238093,13.0,29.0,-9.0,0.0,-18.0,sell_aggressor,-2,ASH_COATED_OSMIUM
495400,,,ASH_COATED_OSMIUM,XIRECS,10005.0,3,-2,30015.0,-2,ASH_COATED_OSMIUM,9989.0,10.0,9987.0,20.0,,,10005.0,10.0,10008.0,20.0,,,9997.0,0.0,16.0,9997.0,99890.0,100050.0,0.0,30.0,30.0,8.0,16.0,0.0,buy_aggressor,-2,ASH_COATED_OSMIUM
496700,,,ASH_COATED_OSMIUM,XIRECS,9988.0,3,-2,29964.0,-2,ASH_COATED_OSMIUM,9988.0,15.0,9985.0,24.0,,,10004.0,15.0,,,,,9996.0,0.0,16.0,9996.0,149820.0,150060.0,0.0,39.0,15.0,-8.0,0.0,-16.0,sell_aggressor,-2,ASH_COATED_OSMIUM
498400,,,ASH_COATED_OSMIUM,XIRECS,9985.0,4,-2,39940.0,-2,ASH_COATED_OSMIUM,9985.0,11.0,9983.0,27.0,,,10001.0,11.0,10004.0,27.0,,,9993.0,0.0,16.0,9993.0,109835.0,110011.0,0.0,38.0,38.0,-8.0,0.0,-16.0,sell_aggressor,-2,ASH_COATED_OSMIUM
499700,,,ASH_COATED_OSMIUM,XIRECS,10002.0,9,-2,90018.0,-2,ASH_COATED_OSMIUM,9986.0,14.0,9984.0,26.0,,,10002.0,14.0,10005.0,26.0,,,9994.0,0.0,16.0,9994.0,139804.0,140028.0,0.0,40.0,40.0,8.0,16.0,0.0,buy_aggressor,-2,ASH_COATED_OSMIUM
503300,,,ASH_COATED_OSMIUM,XIRECS,9983.0,3,-2,29949.0,-2,ASH_COATED_OSMIUM,9983.0,23.0,,,,,10001.0,13.0,,,,,9992.0,0.0,18.0,9994.5,229609.0,130013.0,0.2777777777777778,23.0,13.0,-9.0,0.0,-18.0,sell_aggressor,-2,ASH_COATED_OSMIUM
504200,,,ASH_COATED_OSMIUM,XIRECS,9986.0,6,-2,59916.0,-2,ASH_COATED_OSMIUM,9986.0,12.0,9983.0,24.0,,,10002.0,12.0,10004.0,24.0,,,9994.0,0.0,16.0,9994.0,119832.0,120024.0,0.0,36.0,36.0,-8.0,0.0,-16.0,sell_aggressor,-2,ASH_COATED_OSMIUM
506600,,,ASH_COATED_OSMIUM,XIRECS,9984.0,7,-2,69888.0,-2,ASH_COATED_OSMIUM,9984.0,26.0,,,,,10002.0,10.0,,,,,9993.0,0.0,18.0,9997.0,259584.0,100020.0,0.4444444444444444,26.0,10.0,-9.0,0.0,-18.0,sell_aggressor,-2,ASH_COATED_OSMIUM
512400,,,ASH_COATED_OSMIUM,XIRECS,10000.0,7,-2,70000.0,-2,ASH_COATED_OSMIUM,9984.0,13.0,9981.0,22.0,,,10000.0,13.0,,,,,9992.0,0.0,16.0,9992.0,129792.0,130000.0,0.0,35.0,13.0,8.0,16.0,0.0,buy_aggressor,-2,ASH_COATED_OSMIUM
515100,,,ASH_COATED_OSMIUM,XIRECS,9984.0,6,-2,59904.0,-2,ASH_COATED_OSMIUM,9984.0,14.0,9981.0,29.0,,,10000.0,14.0,10002.0,29.0,,,9992.0,0.0,16.0,9992.0,139776.0,140000.0,0.0,43.0,43.0,-8.0,0.0,-16.0,sell_aggressor,-2,ASH_COATED_OSMIUM
515800,,,ASH_COATED_OSMIUM,XIRECS,9982.0,6,-2,59892.0,-2,ASH_COATED_OSMIUM,9982.0,12.0,9979.0,30.0,,,9998.0,12.0,10000.0,30.0,,,9990.0,0.0,16.0,9990.0,119784.0,119976.0,0.0,42.0,42.0,-8.0,0.0,-16.0,sell_aggressor,-2,ASH_COATED_OSMIUM
516500,,,ASH_COATED_OSMIUM,XIRECS,9997.0,3,-2,29991.0,-2,ASH_COATED_OSMIUM,9981.0,15.0,9979.0,21.0,,,9997.0,15.0,10000.0,21.0,,,9989.0,0.0,16.0,9989.0,149715.0,149955.0,0.0,36.0,36.0,8.0,16.0,0.0,buy_aggressor,-2,ASH_COATED_OSMIUM
517000,,,ASH_COATED_OSMIUM,XIRECS,9998.0,4,-2,39992.0,-2,ASH_COATED_OSMIUM,9982.0,14.0,9980.0,23.0,,,9998.0,14.0,10001.0,23.0,,,9990.0,0.0,16.0,9990.0,139748.0,139972.0,0.0,37.0,37.0,8.0,16.0,0.0,buy_aggressor,-2,ASH_COATED_OSMIUM
524900,,,ASH_COATED_OSMIUM,XIRECS,9986.0,3,-2,29958.0,-2,ASH_COATED_OSMIUM,9986.0,11.0,9983.0,27.0,,,,,,,,,9986.0,0.0,,,109846.0,,,38.0,0.0,0.0,0.0,,sell_aggressor,-2,ASH_COATED_OSMIUM
525600,,,ASH_COATED_OSMIUM,XIRECS,9986.0,8,-2,79888.0,-2,ASH_COATED_OSMIUM,9986.0,12.0,,,,,,,,,,,9986.0,0.0,,,119832.0,,,12.0,0.0,0.0,0.0,,sell_aggressor,-2,ASH_COATED_OSMIUM
526400,,,ASH_COATED_OSMIUM,XIRECS,10006.0,4,-2,40024.0,-2,ASH_COATED_OSMIUM,9987.0,12.0,,,,,10006.0,28.0,,,,,9996.5,0.0,19.0,9992.7,119844.0,280168.0,-0.4,12.0,28.0,9.5,19.0,0.0,buy_aggressor,-2,ASH_COATED_OSMIUM
526900,,,ASH_COATED_OSMIUM,XIRECS,9986.0,6,-2,59916.0,-2,ASH_COATED_OSMIUM,9986.0,10.0,9983.0,30.0,,,10002.0,10.0,10004.0,30.0,,,9994.0,0.0,16.0,9994.0,99860.0,100020.0,0.0,40.0,40.0,-8.0,0.0,-16.0,sell_aggressor,-2,ASH_COATED_OSMIUM
528200,,,ASH_COATED_OSMIUM,XIRECS,9986.0,4,-2,39944.0,-2,ASH_COATED_OSMIUM,9986.0,10.0,9983.0,26.0,,,10004.0,26.0,,,,,9995.0,0.0,18.0,9991.0,99860.0,260104.0,-0.4444444444444444,36.0,26.0,-9.0,0.0,-18.0,sell_aggressor,-2,ASH_COATED_OSMIUM
528400,,,ASH_COATED_OSMIUM,XIRECS,10002.0,6,-2,60012.0,-2,ASH_COATED_OSMIUM,9986.0,13.0,9984.0,21.0,,,10002.0,13.0,10005.0,21.0,,,9994.0,0.0,16.0,9994.0,129818.0,130026.0,0.0,34.0,34.0,8.0,16.0,0.0,buy_aggressor,-2,ASH_COATED_OSMIUM
529500,,,ASH_COATED_OSMIUM,XIRECS,9987.0,9,-2,89883.0,-2,ASH_COATED_OSMIUM,9987.0,10.0,9985.0,23.0,,,10003.0,10.0,10006.0,23.0,,,9995.0,0.0,16.0,9995.0,99870.0,100030.0,0.0,33.0,33.0,-8.0,0.0,-16.0,sell_aggressor,-2,ASH_COATED_OSMIUM
530500,,,ASH_COATED_OSMIUM,XIRECS,10003.0,4,-2,40012.0,-2,ASH_COATED_OSMIUM,9987.0,11.0,9984.0,25.0,,,10003.0,11.0,10005.0,25.0,,,9995.0,0.0,16.0,9995.0,109857.0,110033.0,0.0,36.0,36.0,8.0,16.0,0.0,buy_aggressor,-2,ASH_COATED_OSMIUM
531300,,,ASH_COATED_OSMIUM,XIRECS,9987.0,6,-2,59922.0,-2,ASH_COATED_OSMIUM,9987.0,10.0,9984.0,28.0,,,9996.0,2.0,10003.0,10.0,,,9991.5,0.0,9.0,9994.5,99870.0,19992.0,0.6666666666666666,38.0,12.0,-4.5,0.0,-9.0,sell_aggressor,-2,ASH_COATED_OSMIUM
532800,,,ASH_COATED_OSMIUM,XIRECS,9992.0,2,-2,19984.0,-2,ASH_COATED_OSMIUM,9992.0,2.0,9986.0,15.0,9984.0,26.0,10002.0,15.0,,,,,9997.0,0.0,10.0,9993.176470588236,19984.0,150030.0,-0.7647058823529411,43.0,15.0,-5.0,0.0,-10.0,sell_aggressor,-2,ASH_COATED_OSMIUM
532900,,,ASH_COATED_OSMIUM,XIRECS,10002.0,4,-2,40008.0,-2,ASH_COATED_OSMIUM,9986.0,10.0,9984.0,27.0,,,10002.0,10.0,10005.0,27.0,,,9994.0,0.0,16.0,9994.0,99860.0,100020.0,0.0,37.0,37.0,8.0,16.0,0.0,buy_aggressor,-2,ASH_COATED_OSMIUM
534200,,,ASH_COATED_OSMIUM,XIRECS,9986.0,6,-2,59916.0,-2,ASH_COATED_OSMIUM,9986.0,15.0,9984.0,25.0,,,10002.0,15.0,,,,,9994.0,0.0,16.0,9994.0,149790.0,150030.0,0.0,40.0,15.0,-8.0,0.0,-16.0,sell_aggressor,-2,ASH_COATED_OSMIUM
537900,,,ASH_COATED_OSMIUM,XIRECS,9985.0,10,-2,99850.0,-2,ASH_COATED_OSMIUM,9985.0,11.0,9983.0,20.0,,,10001.0,11.0,10004.0,20.0,,,9993.0,0.0,16.0,9993.0,109835.0,110011.0,0.0,31.0,31.0,-8.0,0.0,-16.0,sell_aggressor,-2,ASH_COATED_OSMIUM
539300,,,ASH_COATED_OSMIUM,XIRECS,10003.0,8,-2,80024.0,-2,ASH_COATED_OSMIUM,9985.0,12.0,9982.0,29.0,,,10003.0,29.0,,,,,9994.0,0.0,18.0,9990.268292682927,119820.0,290087.0,-0.4146341463414634,41.0,29.0,9.0,18.0,0.0,buy_aggressor,-2,ASH_COATED_OSMIUM
543700,,,ASH_COATED_OSMIUM,XIRECS,9984.0,6,-2,59904.0,-2,ASH_COATED_OSMIUM,9984.0,15.0,9981.0,24.0,,,10000.0,15.0,10002.0,24.0,,,9992.0,0.0,16.0,9992.0,149760.0,150000.0,0.0,39.0,39.0,-8.0,0.0,-16.0,sell_aggressor,-2,ASH_COATED_OSMIUM
543700,,,ASH_COATED_OSMIUM,XIRECS,9984.0,6,-2,59904.0,-2,ASH_COATED_OSMIUM,9984.0,15.0,9981.0,24.0,,,10000.0,15.0,10002.0,24.0,,,9992.0,0.0,16.0,9992.0,149760.0,150000.0,0.0,39.0,39.0,-8.0,0.0,-16.0,sell_aggressor,-2,ASH_COATED_OSMIUM
543900,,,ASH_COATED_OSMIUM,XIRECS,9984.0,2,-2,19968.0,-2,ASH_COATED_OSMIUM,9984.0,15.0,,,,,10000.0,15.0,10003.0,26.0,,,9992.0,0.0,16.0,9992.0,149760.0,150000.0,0.0,15.0,41.0,-8.0,0.0,-16.0,sell_aggressor,-2,ASH_COATED_OSMIUM
545500,,,ASH_COATED_OSMIUM,XIRECS,9992.0,3,-2,29976.0,-2,ASH_COATED_OSMIUM,9992.0,8.0,9983.0,15.0,9980.0,29.0,9999.0,15.0,,,,,9995.5,0.0,7.0,9994.434782608696,79936.0,149985.0,-0.30434782608695654,52.0,15.0,-3.5,0.0,-7.0,sell_aggressor,-2,ASH_COATED_OSMIUM
546300,,,ASH_COATED_OSMIUM,XIRECS,10001.0,3,-2,30003.0,-2,ASH_COATED_OSMIUM,9982.0,12.0,,,,,10001.0,29.0,,,,,9991.5,0.0,19.0,9987.560975609756,119784.0,290029.0,-0.4146341463414634,12.0,29.0,9.5,19.0,0.0,buy_aggressor,-2,ASH_COATED_OSMIUM
547500,,,ASH_COATED_OSMIUM,XIRECS,9982.0,8,-2,79856.0,-2,ASH_COATED_OSMIUM,9982.0,12.0,9980.0,30.0,,,9998.0,12.0,10001.0,30.0,,,9990.0,0.0,16.0,9990.0,119784.0,119976.0,0.0,42.0,42.0,-8.0,0.0,-16.0,sell_aggressor,-2,ASH_COATED_OSMIUM
548400,,,ASH_COATED_OSMIUM,XIRECS,9979.0,9,-2,89811.0,-2,ASH_COATED_OSMIUM,9979.0,25.0,,,,,10000.0,25.0,,,,,9989.5,0.0,21.0,9989.5,249475.0,250000.0,0.0,25.0,25.0,-10.5,0.0,-21.0,sell_aggressor,-2,ASH_COATED_OSMIUM
549600,,,ASH_COATED_OSMIUM,XIRECS,9998.0,5,-2,49990.0,-2,ASH_COATED_OSMIUM,,,,,,,9998.0,14.0,,,,,9998.0,0.0,,,,139972.0,,0.0,14.0,0.0,,0.0,buy_aggressor,-2,ASH_COATED_OSMIUM
551300,,,ASH_COATED_OSMIUM,XIRECS,9984.0,5,-2,49920.0,-2,ASH_COATED_OSMIUM,9984.0,15.0,,,,,10000.0,15.0,10003.0,20.0,,,9992.0,0.0,16.0,9992.0,149760.0,150000.0,0.0,15.0,35.0,-8.0,0.0,-16.0,sell_aggressor,-2,ASH_COATED_OSMIUM
554800,,,ASH_COATED_OSMIUM,XIRECS,9998.0,2,-2,19996.0,-2,ASH_COATED_OSMIUM,9982.0,13.0,9980.0,20.0,,,9998.0,13.0,,,,,9990.0,0.0,16.0,9990.0,129766.0,129974.0,0.0,33.0,13.0,8.0,16.0,0.0,buy_aggressor,-2,ASH_COATED_OSMIUM
556700,,,ASH_COATED_OSMIUM,XIRECS,9984.0,6,-2,59904.0,-2,ASH_COATED_OSMIUM,9984.0,10.0,,,,,10000.0,10.0,,,,,9992.0,0.0,16.0,9992.0,99840.0,100000.0,0.0,10.0,10.0,-8.0,0.0,-16.0,sell_aggressor,-2,ASH_COATED_OSMIUM
557600,,,ASH_COATED_OSMIUM,XIRECS,9999.0,4,-2,39996.0,-2,ASH_COATED_OSMIUM,9983.0,11.0,9980.0,25.0,,,9999.0,11.0,10001.0,25.0,,,9991.0,0.0,16.0,9991.0,109813.0,109989.0,0.0,36.0,36.0,8.0,16.0,0.0,buy_aggressor,-2,ASH_COATED_OSMIUM
565000,,,ASH_COATED_OSMIUM,XIRECS,9999.0,4,-2,39996.0,-2,ASH_COATED_OSMIUM,9983.0,14.0,9980.0,22.0,,,9999.0,14.0,10001.0,22.0,,,9991.0,0.0,16.0,9991.0,139762.0,139986.0,0.0,36.0,36.0,8.0,16.0,0.0,buy_aggressor,-2,ASH_COATED_OSMIUM
566200,,,ASH_COATED_OSMIUM,XIRECS,9983.0,10,-2,99830.0,-2,ASH_COATED_OSMIUM,9983.0,12.0,9980.0,26.0,,,9999.0,12.0,10001.0,26.0,,,9991.0,0.0,16.0,9991.0,119796.0,119988.0,0.0,38.0,38.0,-8.0,0.0,-16.0,sell_aggressor,-2,ASH_COATED_OSMIUM
567300,,,ASH_COATED_OSMIUM,XIRECS,10001.0,8,-2,80008.0,-2,ASH_COATED_OSMIUM,,,,,,,10001.0,22.0,,,,,10001.0,0.0,,,,220022.0,,0.0,22.0,0.0,,0.0,buy_aggressor,-2,ASH_COATED_OSMIUM
571800,,,ASH_COATED_OSMIUM,XIRECS,9986.0,3,-2,29958.0,-2,ASH_COATED_OSMIUM,9986.0,12.0,9984.0,23.0,,,10002.0,12.0,10005.0,23.0,,,9994.0,0.0,16.0,9994.0,119832.0,120024.0,0.0,35.0,35.0,-8.0,0.0,-16.0,sell_aggressor,-2,ASH_COATED_OSMIUM
573700,,,ASH_COATED_OSMIUM,XIRECS,9988.0,10,-2,99880.0,-2,ASH_COATED_OSMIUM,9988.0,10.0,,,,,10004.0,10.0,10006.0,20.0,,,9996.0,0.0,16.0,9996.0,99880.0,100040.0,0.0,10.0,30.0,-8.0,0.0,-16.0,sell_aggressor,-2,ASH_COATED_OSMIUM
573900,,,ASH_COATED_OSMIUM,XIRECS,10007.0,5,-2,50035.0,-2,ASH_COATED_OSMIUM,9988.0,10.0,9986.0,25.0,,,10007.0,25.0,,,,,9997.5,0.0,19.0,9993.42857142857,99880.0,250175.0,-0.42857142857142855,35.0,25.0,9.5,19.0,0.0,buy_aggressor,-2,ASH_COATED_OSMIUM
574500,,,ASH_COATED_OSMIUM,XIRECS,10007.0,6,-2,60042.0,-2,ASH_COATED_OSMIUM,9989.0,14.0,9986.0,26.0,,,10007.0,26.0,,,,,9998.0,0.0,18.0,9995.3,139846.0,260182.0,-0.3,40.0,26.0,9.0,18.0,0.0,buy_aggressor,-2,ASH_COATED_OSMIUM
578700,,,ASH_COATED_OSMIUM,XIRECS,9993.0,4,-2,39972.0,-2,ASH_COATED_OSMIUM,9993.0,13.0,9990.0,25.0,,,10009.0,13.0,10011.0,25.0,,,10001.0,0.0,16.0,10001.0,129909.0,130117.0,0.0,38.0,38.0,-8.0,0.0,-16.0,sell_aggressor,-2,ASH_COATED_OSMIUM
583300,,,ASH_COATED_OSMIUM,XIRECS,9987.0,6,-2,59922.0,-2,ASH_COATED_OSMIUM,9987.0,10.0,,,,,10003.0,10.0,10005.0,23.0,,,9995.0,0.0,16.0,9995.0,99870.0,100030.0,0.0,10.0,33.0,-8.0,0.0,-16.0,sell_aggressor,-2,ASH_COATED_OSMIUM
587000,,,ASH_COATED_OSMIUM,XIRECS,9999.0,6,-2,59994.0,-2,ASH_COATED_OSMIUM,9983.0,12.0,9981.0,25.0,,,9999.0,12.0,10002.0,25.0,,,9991.0,0.0,16.0,9991.0,119796.0,119988.0,0.0,37.0,37.0,8.0,16.0,0.0,buy_aggressor,-2,ASH_COATED_OSMIUM
599500,,,ASH_COATED_OSMIUM,XIRECS,9996.0,3,-2,29988.0,-2,ASH_COATED_OSMIUM,9986.0,14.0,9984.0,29.0,,,9996.0,3.0,10002.0,14.0,10005.0,29.0,9991.0,0.0,10.0,9994.235294117647,139804.0,29988.0,0.6470588235294118,43.0,46.0,5.0,10.0,0.0,buy_aggressor,-2,ASH_COATED_OSMIUM
606100,,,ASH_COATED_OSMIUM,XIRECS,9983.0,4,-2,39932.0,-2,ASH_COATED_OSMIUM,9983.0,28.0,,,,,10002.0,13.0,10004.0,28.0,,,9992.5,0.0,19.0,9995.975609756097,279524.0,130026.0,0.36585365853658536,28.0,41.0,-9.5,0.0,-19.0,sell_aggressor,-2,ASH_COATED_OSMIUM
609300,,,ASH_COATED_OSMIUM,XIRECS,9983.0,6,-2,59898.0,-2,ASH_COATED_OSMIUM,9983.0,27.0,,,,,10001.0,12.0,10004.0,27.0,,,9992.0,0.0,18.0,9995.461538461539,269541.0,120012.0,0.38461538461538464,27.0,39.0,-9.0,0.0,-18.0,sell_aggressor,-2,ASH_COATED_OSMIUM
610500,,,ASH_COATED_OSMIUM,XIRECS,9996.0,4,-2,39984.0,-2,ASH_COATED_OSMIUM,9986.0,14.0,9984.0,22.0,,,9996.0,1.0,10005.0,22.0,,,9991.0,0.0,10.0,9995.333333333334,139804.0,9996.0,0.8666666666666667,36.0,23.0,5.0,10.0,0.0,buy_aggressor,-2,ASH_COATED_OSMIUM
611500,,,ASH_COATED_OSMIUM,XIRECS,9986.0,8,-2,79888.0,-2,ASH_COATED_OSMIUM,9986.0,13.0,9984.0,27.0,,,,,,,,,9986.0,0.0,,,129818.0,,,40.0,0.0,0.0,0.0,,sell_aggressor,-2,ASH_COATED_OSMIUM
612200,,,ASH_COATED_OSMIUM,XIRECS,10004.0,3,-2,30012.0,-2,ASH_COATED_OSMIUM,9991.0,4.0,9985.0,10.0,9983.0,23.0,10004.0,23.0,,,,,9997.5,0.0,13.0,9992.925925925925,39964.0,230092.0,-0.7037037037037037,37.0,23.0,6.5,13.0,0.0,buy_aggressor,-2,ASH_COATED_OSMIUM
623800,,,ASH_COATED_OSMIUM,XIRECS,10003.0,5,-2,50015.0,-2,ASH_COATED_OSMIUM,9987.0,14.0,9985.0,30.0,,,10003.0,14.0,10006.0,30.0,,,9995.0,0.0,16.0,9995.0,139818.0,140042.0,0.0,44.0,44.0,8.0,16.0,0.0,buy_aggressor,-2,ASH_COATED_OSMIUM
624100,,,ASH_COATED_OSMIUM,XIRECS,9987.0,4,-2,39948.0,-2,ASH_COATED_OSMIUM,9987.0,12.0,,,,,10003.0,12.0,10005.0,20.0,,,9995.0,0.0,16.0,9995.0,119844.0,120036.0,0.0,12.0,32.0,-8.0,0.0,-16.0,sell_aggressor,-2,ASH_COATED_OSMIUM
624700,,,ASH_COATED_OSMIUM,XIRECS,10004.0,4,-2,40016.0,-2,ASH_COATED_OSMIUM,9988.0,12.0,9985.0,28.0,,,10004.0,12.0,10006.0,28.0,,,9996.0,0.0,16.0,9996.0,119856.0,120048.0,0.0,40.0,40.0,8.0,16.0,0.0,buy_aggressor,-2,ASH_COATED_OSMIUM
635000,,,ASH_COATED_OSMIUM,XIRECS,10007.0,9,-2,90063.0,-2,ASH_COATED_OSMIUM,9988.0,21.0,,,,,10007.0,10.0,,,,,9997.5,0.0,19.0,10000.870967741936,209748.0,100070.0,0.3548387096774194,21.0,10.0,9.5,19.0,0.0,buy_aggressor,-2,ASH_COATED_OSMIUM
637400,,,ASH_COATED_OSMIUM,XIRECS,9989.0,2,-2,19978.0,-2,ASH_COATED_OSMIUM,9989.0,11.0,9987.0,25.0,,,10008.0,25.0,,,,,9998.5,0.0,19.0,9994.805555555555,109879.0,250200.0,-0.3888888888888889,36.0,25.0,-9.5,0.0,-19.0,sell_aggressor,-2,ASH_COATED_OSMIUM
638000,,,ASH_COATED_OSMIUM,XIRECS,9987.0,8,-2,79896.0,-2,ASH_COATED_OSMIUM,9987.0,21.0,,,,,10005.0,10.0,10008.0,21.0,,,9996.0,0.0,18.0,9999.193548387097,209727.0,100050.0,0.3548387096774194,21.0,31.0,-9.0,0.0,-18.0,sell_aggressor,-2,ASH_COATED_OSMIUM
642800,,,ASH_COATED_OSMIUM,XIRECS,9988.0,6,-2,59928.0,-2,ASH_COATED_OSMIUM,9988.0,10.0,9986.0,23.0,,,10004.0,10.0,10007.0,23.0,,,9996.0,0.0,16.0,9996.0,99880.0,100040.0,0.0,33.0,33.0,-8.0,0.0,-16.0,sell_aggressor,-2,ASH_COATED_OSMIUM
644300,,,ASH_COATED_OSMIUM,XIRECS,10004.0,2,-2,20008.0,-2,ASH_COATED_OSMIUM,9988.0,11.0,,,,,10004.0,11.0,10007.0,28.0,,,9996.0,0.0,16.0,9996.0,109868.0,110044.0,0.0,11.0,39.0,8.0,16.0,0.0,buy_aggressor,-2,ASH_COATED_OSMIUM
645800,,,ASH_COATED_OSMIUM,XIRECS,10005.0,10,-2,100050.0,-2,ASH_COATED_OSMIUM,,,,,,,10005.0,12.0,10007.0,22.0,,,10005.0,0.0,,,,120060.0,,0.0,34.0,0.0,,0.0,buy_aggressor,-2,ASH_COATED_OSMIUM
648100,,,ASH_COATED_OSMIUM,XIRECS,10006.0,3,-2,30018.0,-2,ASH_COATED_OSMIUM,9985.0,28.0,,,,,10006.0,28.0,,,,,9995.5,0.0,21.0,9995.5,279580.0,280168.0,0.0,28.0,28.0,10.5,21.0,0.0,buy_aggressor,-2,ASH_COATED_OSMIUM
648300,,,ASH_COATED_OSMIUM,XIRECS,9988.0,10,-2,99880.0,-2,ASH_COATED_OSMIUM,9988.0,11.0,9986.0,30.0,,,10004.0,11.0,10007.0,30.0,,,9996.0,0.0,16.0,9996.0,109868.0,110044.0,0.0,41.0,41.0,-8.0,0.0,-16.0,sell_aggressor,-2,ASH_COATED_OSMIUM
648800,,,ASH_COATED_OSMIUM,XIRECS,10005.0,5,-2,50025.0,-2,ASH_COATED_OSMIUM,9989.0,15.0,9986.0,27.0,,,10005.0,15.0,10007.0,27.0,,,9997.0,0.0,16.0,9997.0,149835.0,150075.0,0.0,42.0,42.0,8.0,16.0,0.0,buy_aggressor,-2,ASH_COATED_OSMIUM
649200,,,ASH_COATED_OSMIUM,XIRECS,10005.0,4,-2,40020.0,-2,ASH_COATED_OSMIUM,9989.0,14.0,9987.0,28.0,,,10005.0,14.0,10008.0,28.0,,,9997.0,0.0,16.0,9997.0,139846.0,140070.0,0.0,42.0,42.0,8.0,16.0,0.0,buy_aggressor,-2,ASH_COATED_OSMIUM
653100,,,ASH_COATED_OSMIUM,XIRECS,10004.0,4,-2,40016.0,-2,ASH_COATED_OSMIUM,9988.0,11.0,9985.0,27.0,,,10004.0,11.0,10006.0,27.0,,,9996.0,0.0,16.0,9996.0,109868.0,110044.0,0.0,38.0,38.0,8.0,16.0,0.0,buy_aggressor,-2,ASH_COATED_OSMIUM
656500,,,ASH_COATED_OSMIUM,XIRECS,9990.0,9,-2,89910.0,-2,ASH_COATED_OSMIUM,9990.0,12.0,,,,,10006.0,12.0,10008.0,28.0,,,9998.0,0.0,16.0,9998.0,119880.0,120072.0,0.0,12.0,40.0,-8.0,0.0,-16.0,sell_aggressor,-2,ASH_COATED_OSMIUM
657300,,,ASH_COATED_OSMIUM,XIRECS,9996.0,3,-2,29988.0,-2,ASH_COATED_OSMIUM,9996.0,3.0,9988.0,29.0,,,10006.0,10.0,10009.0,29.0,,,10001.0,0.0,10.0,9998.307692307691,29988.0,100060.0,-0.5384615384615384,32.0,39.0,-5.0,0.0,-10.0,sell_aggressor,-2,ASH_COATED_OSMIUM
658600,,,ASH_COATED_OSMIUM,XIRECS,10006.0,2,-2,20012.0,-2,ASH_COATED_OSMIUM,9990.0,14.0,,,,,10006.0,14.0,10008.0,25.0,,,9998.0,0.0,16.0,9998.0,139860.0,140084.0,0.0,14.0,39.0,8.0,16.0,0.0,buy_aggressor,-2,ASH_COATED_OSMIUM
659500,,,ASH_COATED_OSMIUM,XIRECS,9988.0,6,-2,59928.0,-2,ASH_COATED_OSMIUM,9988.0,25.0,,,,,10007.0,12.0,10009.0,25.0,,,9997.5,0.0,19.0,10000.837837837838,249700.0,120084.0,0.35135135135135137,25.0,37.0,-9.5,0.0,-19.0,sell_aggressor,-2,ASH_COATED_OSMIUM
659700,,,ASH_COATED_OSMIUM,XIRECS,10007.0,5,-2,50035.0,-2,ASH_COATED_OSMIUM,9991.0,12.0,9988.0,30.0,,,10007.0,12.0,10009.0,30.0,,,9999.0,0.0,16.0,9999.0,119892.0,120084.0,0.0,42.0,42.0,8.0,16.0,0.0,buy_aggressor,-2,ASH_COATED_OSMIUM
660600,,,ASH_COATED_OSMIUM,XIRECS,10006.0,2,-2,20012.0,-2,ASH_COATED_OSMIUM,9990.0,15.0,9988.0,23.0,,,10006.0,15.0,,,,,9998.0,0.0,16.0,9998.0,149850.0,150090.0,0.0,38.0,15.0,8.0,16.0,0.0,buy_aggressor,-2,ASH_COATED_OSMIUM
662300,,,ASH_COATED_OSMIUM,XIRECS,10005.0,3,-2,30015.0,-2,ASH_COATED_OSMIUM,9989.0,15.0,9987.0,25.0,,,10005.0,15.0,,,,,9997.0,0.0,16.0,9997.0,149835.0,150075.0,0.0,40.0,15.0,8.0,16.0,0.0,buy_aggressor,-2,ASH_COATED_OSMIUM
664800,,,ASH_COATED_OSMIUM,XIRECS,9988.0,4,-2,39952.0,-2,ASH_COATED_OSMIUM,9988.0,10.0,,,,,10004.0,10.0,10007.0,22.0,,,9996.0,0.0,16.0,9996.0,99880.0,100040.0,0.0,10.0,32.0,-8.0,0.0,-16.0,sell_aggressor,-2,ASH_COATED_OSMIUM
669700,,,ASH_COATED_OSMIUM,XIRECS,10005.0,10,-2,100050.0,-2,ASH_COATED_OSMIUM,9989.0,11.0,9987.0,25.0,,,10005.0,11.0,10008.0,25.0,,,9997.0,0.0,16.0,9997.0,109879.0,110055.0,0.0,36.0,36.0,8.0,16.0,0.0,buy_aggressor,-2,ASH_COATED_OSMIUM
671900,,,ASH_COATED_OSMIUM,XIRECS,9984.0,3,-2,29952.0,-2,ASH_COATED_OSMIUM,9984.0,20.0,,,,,10003.0,10.0,10005.0,20.0,,,9993.5,0.0,19.0,9996.666666666666,199680.0,100030.0,0.3333333333333333,20.0,30.0,-9.5,0.0,-19.0,sell_aggressor,-2,ASH_COATED_OSMIUM
674700,,,ASH_COATED_OSMIUM,XIRECS,10003.0,5,-2,50015.0,-2,ASH_COATED_OSMIUM,9987.0,11.0,,,,,10003.0,11.0,10006.0,27.0,,,9995.0,0.0,16.0,9995.0,109857.0,110033.0,0.0,11.0,38.0,8.0,16.0,0.0,buy_aggressor,-2,ASH_COATED_OSMIUM
679200,,,ASH_COATED_OSMIUM,XIRECS,9985.0,7,-2,69895.0,-2,ASH_COATED_OSMIUM,9985.0,23.0,,,,,9997.0,3.0,10004.0,10.0,10006.0,23.0,9991.0,0.0,12.0,9995.615384615385,229655.0,29991.0,0.7692307692307693,23.0,36.0,-6.0,0.0,-12.0,sell_aggressor,-2,ASH_COATED_OSMIUM
680000,,,ASH_COATED_OSMIUM,XIRECS,10004.0,6,-2,60024.0,-2,ASH_COATED_OSMIUM,9986.0,22.0,,,,,10004.0,14.0,10007.0,22.0,,,9995.0,0.0,18.0,9997.0,219692.0,140056.0,0.2222222222222222,22.0,36.0,9.0,18.0,0.0,buy_aggressor,-2,ASH_COATED_OSMIUM
687000,,,ASH_COATED_OSMIUM,XIRECS,10005.0,8,-2,80040.0,-2,ASH_COATED_OSMIUM,9989.0,10.0,,,,,10005.0,10.0,10008.0,25.0,,,9997.0,0.0,16.0,9997.0,99890.0,100050.0,0.0,10.0,35.0,8.0,16.0,0.0,buy_aggressor,-2,ASH_COATED_OSMIUM
687900,,,ASH_COATED_OSMIUM,XIRECS,9990.0,4,-2,39960.0,-2,ASH_COATED_OSMIUM,9990.0,13.0,9987.0,23.0,,,10006.0,13.0,10008.0,23.0,,,9998.0,0.0,16.0,9998.0,129870.0,130078.0,0.0,36.0,36.0,-8.0,0.0,-16.0,sell_aggressor,-2,ASH_COATED_OSMIUM
694200,,,ASH_COATED_OSMIUM,XIRECS,9992.0,3,-2,29976.0,-2,ASH_COATED_OSMIUM,9992.0,14.0,,,,,10008.0,14.0,10010.0,26.0,,,10000.0,0.0,16.0,10000.0,139888.0,140112.0,0.0,14.0,40.0,-8.0,0.0,-16.0,sell_aggressor,-2,ASH_COATED_OSMIUM
698100,,,ASH_COATED_OSMIUM,XIRECS,9991.0,2,-2,19982.0,-2,ASH_COATED_OSMIUM,9991.0,14.0,9989.0,29.0,,,10007.0,14.0,10010.0,29.0,,,9999.0,0.0,16.0,9999.0,139874.0,140098.0,0.0,43.0,43.0,-8.0,0.0,-16.0,sell_aggressor,-2,ASH_COATED_OSMIUM
699900,,,ASH_COATED_OSMIUM,XIRECS,9991.0,9,-2,89919.0,-2,ASH_COATED_OSMIUM,9991.0,10.0,,,,,10010.0,23.0,,,,,10000.5,0.0,19.0,9996.757575757576,99910.0,230230.0,-0.3939393939393939,10.0,23.0,-9.5,0.0,-19.0,sell_aggressor,-2,ASH_COATED_OSMIUM
700600,,,ASH_COATED_OSMIUM,XIRECS,9991.0,3,-2,29973.0,-2,ASH_COATED_OSMIUM,9991.0,10.0,9988.0,22.0,,,10007.0,10.0,10009.0,22.0,,,9999.0,0.0,16.0,9999.0,99910.0,100070.0,0.0,32.0,32.0,-8.0,0.0,-16.0,sell_aggressor,-2,ASH_COATED_OSMIUM
706600,,,ASH_COATED_OSMIUM,XIRECS,10011.0,9,-2,90099.0,-2,ASH_COATED_OSMIUM,9992.0,14.0,9990.0,27.0,,,10011.0,27.0,,,,,10001.5,0.0,19.0,9998.487804878048,139888.0,270297.0,-0.3170731707317073,41.0,27.0,9.5,19.0,0.0,buy_aggressor,-2,ASH_COATED_OSMIUM
710100,,,ASH_COATED_OSMIUM,XIRECS,9992.0,3,-2,29976.0,-2,ASH_COATED_OSMIUM,9992.0,12.0,,,,,10008.0,12.0,10011.0,25.0,,,10000.0,0.0,16.0,10000.0,119904.0,120096.0,0.0,12.0,37.0,-8.0,0.0,-16.0,sell_aggressor,-2,ASH_COATED_OSMIUM
710500,,,ASH_COATED_OSMIUM,XIRECS,10008.0,6,-2,60048.0,-2,ASH_COATED_OSMIUM,9992.0,11.0,9989.0,21.0,,,10008.0,11.0,,,,,10000.0,0.0,16.0,10000.0,109912.0,110088.0,0.0,32.0,11.0,8.0,16.0,0.0,buy_aggressor,-2,ASH_COATED_OSMIUM
712400,,,ASH_COATED_OSMIUM,XIRECS,9991.0,5,-2,49955.0,-2,ASH_COATED_OSMIUM,9991.0,10.0,,,,,10007.0,10.0,10010.0,20.0,,,9999.0,0.0,16.0,9999.0,99910.0,100070.0,0.0,10.0,30.0,-8.0,0.0,-16.0,sell_aggressor,-2,ASH_COATED_OSMIUM
713700,,,ASH_COATED_OSMIUM,XIRECS,9990.0,4,-2,39960.0,-2,ASH_COATED_OSMIUM,9990.0,11.0,9987.0,30.0,,,10006.0,11.0,10008.0,30.0,,,9998.0,0.0,16.0,9998.0,109890.0,110066.0,0.0,41.0,41.0,-8.0,0.0,-16.0,sell_aggressor,-2,ASH_COATED_OSMIUM
714000,,,ASH_COATED_OSMIUM,XIRECS,10004.0,7,-2,70028.0,-2,ASH_COATED_OSMIUM,9988.0,13.0,9986.0,28.0,,,10004.0,13.0,10007.0,28.0,,,9996.0,0.0,16.0,9996.0,129844.0,130052.0,0.0,41.0,41.0,8.0,16.0,0.0,buy_aggressor,-2,ASH_COATED_OSMIUM
715000,,,ASH_COATED_OSMIUM,XIRECS,9989.0,5,-2,49945.0,-2,ASH_COATED_OSMIUM,9989.0,13.0,9987.0,28.0,,,10005.0,13.0,,,,,9997.0,0.0,16.0,9997.0,129857.0,130065.0,0.0,41.0,13.0,-8.0,0.0,-16.0,sell_aggressor,-2,ASH_COATED_OSMIUM
715700,,,ASH_COATED_OSMIUM,XIRECS,9998.0,3,-2,29994.0,-2,ASH_COATED_OSMIUM,9986.0,28.0,,,,,9998.0,3.0,10005.0,10.0,10007.0,28.0,9992.0,0.0,12.0,9996.838709677419,279608.0,29994.0,0.8064516129032258,28.0,41.0,6.0,12.0,0.0,buy_aggressor,-2,ASH_COATED_OSMIUM
721600,,,ASH_COATED_OSMIUM,XIRECS,10006.0,5,-2,50030.0,-2,ASH_COATED_OSMIUM,9990.0,12.0,,,,,10006.0,12.0,10008.0,25.0,,,9998.0,0.0,16.0,9998.0,119880.0,120072.0,0.0,12.0,37.0,8.0,16.0,0.0,buy_aggressor,-2,ASH_COATED_OSMIUM
722300,,,ASH_COATED_OSMIUM,XIRECS,9990.0,5,-2,49950.0,-2,ASH_COATED_OSMIUM,9990.0,13.0,9987.0,28.0,,,9995.0,8.0,10006.0,13.0,10008.0,28.0,9992.5,0.0,5.0,9993.095238095239,129870.0,79960.0,0.23809523809523808,41.0,49.0,-2.5,0.0,-5.0,sell_aggressor,-2,ASH_COATED_OSMIUM
722800,,,ASH_COATED_OSMIUM,XIRECS,10009.0,2,-2,20018.0,-2,ASH_COATED_OSMIUM,9990.0,13.0,9988.0,25.0,,,10009.0,25.0,,,,,9999.5,0.0,19.0,9996.5,129870.0,250225.0,-0.3157894736842105,38.0,25.0,9.5,19.0,0.0,buy_aggressor,-2,ASH_COATED_OSMIUM
723600,,,ASH_COATED_OSMIUM,XIRECS,9991.0,6,-2,59946.0,-2,ASH_COATED_OSMIUM,9991.0,13.0,9989.0,23.0,,,10007.0,13.0,10010.0,23.0,,,9999.0,0.0,16.0,9999.0,129883.0,130091.0,0.0,36.0,36.0,-8.0,0.0,-16.0,sell_aggressor,-2,ASH_COATED_OSMIUM
729700,,,ASH_COATED_OSMIUM,XIRECS,10008.0,4,-2,40032.0,-2,ASH_COATED_OSMIUM,9990.0,15.0,,,,,10008.0,23.0,,,,,9999.0,0.0,18.0,9997.105263157895,149850.0,230184.0,-0.21052631578947367,15.0,23.0,9.0,18.0,0.0,buy_aggressor,-2,ASH_COATED_OSMIUM
731100,,,ASH_COATED_OSMIUM,XIRECS,9988.0,3,-2,29964.0,-2,ASH_COATED_OSMIUM,9988.0,11.0,9986.0,23.0,,,10007.0,23.0,,,,,9997.5,0.0,19.0,9994.14705882353,109868.0,230161.0,-0.35294117647058826,34.0,23.0,-9.5,0.0,-19.0,sell_aggressor,-2,ASH_COATED_OSMIUM
735400,,,ASH_COATED_OSMIUM,XIRECS,9989.0,6,-2,59934.0,-2,ASH_COATED_OSMIUM,9989.0,12.0,9986.0,29.0,,,10005.0,12.0,10007.0,29.0,,,9997.0,0.0,16.0,9997.0,119868.0,120060.0,0.0,41.0,41.0,-8.0,0.0,-16.0,sell_aggressor,-2,ASH_COATED_OSMIUM
745600,,,ASH_COATED_OSMIUM,XIRECS,10006.0,2,-2,20012.0,-2,ASH_COATED_OSMIUM,9990.0,11.0,9987.0,20.0,,,10006.0,11.0,10008.0,20.0,,,9998.0,0.0,16.0,9998.0,109890.0,110066.0,0.0,31.0,31.0,8.0,16.0,0.0,buy_aggressor,-2,ASH_COATED_OSMIUM
750000,,,ASH_COATED_OSMIUM,XIRECS,9988.0,9,-2,89892.0,-2,ASH_COATED_OSMIUM,9988.0,15.0,9985.0,26.0,,,10006.0,26.0,,,,,9997.0,0.0,18.0,9994.585365853658,149820.0,260156.0,-0.2682926829268293,41.0,26.0,-9.0,0.0,-18.0,sell_aggressor,-2,ASH_COATED_OSMIUM
752600,,,ASH_COATED_OSMIUM,XIRECS,10003.0,6,-2,60018.0,-2,ASH_COATED_OSMIUM,9987.0,10.0,,,,,10003.0,10.0,,,,,9995.0,0.0,16.0,9995.0,99870.0,100030.0,0.0,10.0,10.0,8.0,16.0,0.0,buy_aggressor,-2,ASH_COATED_OSMIUM
752900,,,ASH_COATED_OSMIUM,XIRECS,9988.0,3,-2,29964.0,-2,ASH_COATED_OSMIUM,9988.0,11.0,,,,,10007.0,27.0,,,,,9997.5,0.0,19.0,9993.5,109868.0,270189.0,-0.42105263157894735,11.0,27.0,-9.5,0.0,-19.0,sell_aggressor,-2,ASH_COATED_OSMIUM
753100,,,ASH_COATED_OSMIUM,XIRECS,10005.0,7,-2,70035.0,-2,ASH_COATED_OSMIUM,9986.0,24.0,,,,,10005.0,11.0,10007.0,24.0,,,9995.5,0.0,19.0,9999.028571428571,239664.0,110055.0,0.37142857142857144,24.0,35.0,9.5,19.0,0.0,buy_aggressor,-2,ASH_COATED_OSMIUM
753400,,,ASH_COATED_OSMIUM,XIRECS,10004.0,2,-2,20008.0,-2,ASH_COATED_OSMIUM,9988.0,12.0,9986.0,29.0,,,10004.0,12.0,10007.0,29.0,,,9996.0,0.0,16.0,9996.0,119856.0,120048.0,0.0,41.0,41.0,8.0,16.0,0.0,buy_aggressor,-2,ASH_COATED_OSMIUM
756700,,,ASH_COATED_OSMIUM,XIRECS,10004.0,6,-2,60024.0,-2,ASH_COATED_OSMIUM,9988.0,15.0,9986.0,30.0,,,10004.0,15.0,,,,,9996.0,0.0,16.0,9996.0,149820.0,150060.0,0.0,45.0,15.0,8.0,16.0,0.0,buy_aggressor,-2,ASH_COATED_OSMIUM
756700,,,ASH_COATED_OSMIUM,XIRECS,10004.0,7,-2,70028.0,-2,ASH_COATED_OSMIUM,9988.0,15.0,9986.0,30.0,,,10004.0,15.0,,,,,9996.0,0.0,16.0,9996.0,149820.0,150060.0,0.0,45.0,15.0,8.0,16.0,0.0,buy_aggressor,-2,ASH_COATED_OSMIUM
759200,,,ASH_COATED_OSMIUM,XIRECS,10005.0,2,-2,20010.0,-2,ASH_COATED_OSMIUM,9989.0,14.0,,,,,10005.0,14.0,10008.0,24.0,,,9997.0,0.0,16.0,9997.0,139846.0,140070.0,0.0,14.0,38.0,8.0,16.0,0.0,buy_aggressor,-2,ASH_COATED_OSMIUM
759300,,,ASH_COATED_OSMIUM,XIRECS,9989.0,5,-2,49945.0,-2,ASH_COATED_OSMIUM,9989.0,10.0,9986.0,28.0,,,10005.0,10.0,,,,,9997.0,0.0,16.0,9997.0,99890.0,100050.0,0.0,38.0,10.0,-8.0,0.0,-16.0,sell_aggressor,-2,ASH_COATED_OSMIUM
760600,,,ASH_COATED_OSMIUM,XIRECS,10005.0,5,-2,50025.0,-2,ASH_COATED_OSMIUM,9989.0,15.0,9986.0,23.0,,,10005.0,15.0,10007.0,23.0,,,9997.0,0.0,16.0,9997.0,149835.0,150075.0,0.0,38.0,38.0,8.0,16.0,0.0,buy_aggressor,-2,ASH_COATED_OSMIUM
762200,,,ASH_COATED_OSMIUM,XIRECS,10005.0,2,-2,20010.0,-2,ASH_COATED_OSMIUM,9986.0,29.0,,,,,10005.0,14.0,,,,,9995.5,0.0,19.0,9998.813953488372,289594.0,140070.0,0.3488372093023256,29.0,14.0,9.5,19.0,0.0,buy_aggressor,-2,ASH_COATED_OSMIUM
763400,,,ASH_COATED_OSMIUM,XIRECS,9989.0,2,-2,19978.0,-2,ASH_COATED_OSMIUM,9989.0,14.0,9986.0,22.0,,,10005.0,14.0,10007.0,22.0,,,9997.0,0.0,16.0,9997.0,139846.0,140070.0,0.0,36.0,36.0,-8.0,0.0,-16.0,sell_aggressor,-2,ASH_COATED_OSMIUM
764800,,,ASH_COATED_OSMIUM,XIRECS,9988.0,8,-2,79904.0,-2,ASH_COATED_OSMIUM,9988.0,10.0,9986.0,23.0,,,10004.0,10.0,10007.0,23.0,,,9996.0,0.0,16.0,9996.0,99880.0,100040.0,0.0,33.0,33.0,-8.0,0.0,-16.0,sell_aggressor,-2,ASH_COATED_OSMIUM
765200,,,ASH_COATED_OSMIUM,XIRECS,10003.0,5,-2,50015.0,-2,ASH_COATED_OSMIUM,9993.0,3.0,9987.0,12.0,9985.0,25.0,10003.0,12.0,10006.0,25.0,,,9998.0,0.0,10.0,9995.0,29979.0,120036.0,-0.6,40.0,37.0,5.0,10.0,0.0,buy_aggressor,-2,ASH_COATED_OSMIUM
768500,,,ASH_COATED_OSMIUM,XIRECS,10004.0,9,-2,90036.0,-2,ASH_COATED_OSMIUM,9988.0,15.0,9985.0,29.0,,,10004.0,15.0,10006.0,29.0,,,9996.0,0.0,16.0,9996.0,149820.0,150060.0,0.0,44.0,44.0,8.0,16.0,0.0,buy_aggressor,-2,ASH_COATED_OSMIUM
773100,,,ASH_COATED_OSMIUM,XIRECS,10005.0,6,-2,60030.0,-2,ASH_COATED_OSMIUM,9989.0,12.0,9987.0,21.0,,,10005.0,12.0,10008.0,21.0,,,9997.0,0.0,16.0,9997.0,119868.0,120060.0,0.0,33.0,33.0,8.0,16.0,0.0,buy_aggressor,-2,ASH_COATED_OSMIUM
774200,,,ASH_COATED_OSMIUM,XIRECS,9990.0,4,-2,39960.0,-2,ASH_COATED_OSMIUM,9990.0,14.0,9987.0,22.0,,,10006.0,14.0,10008.0,22.0,,,9998.0,0.0,16.0,9998.0,139860.0,140084.0,0.0,36.0,36.0,-8.0,0.0,-16.0,sell_aggressor,-2,ASH_COATED_OSMIUM
775300,,,ASH_COATED_OSMIUM,XIRECS,10005.0,5,-2,50025.0,-2,ASH_COATED_OSMIUM,9989.0,11.0,9987.0,21.0,,,10005.0,11.0,10008.0,21.0,,,9997.0,0.0,16.0,9997.0,109879.0,110055.0,0.0,32.0,32.0,8.0,16.0,0.0,buy_aggressor,-2,ASH_COATED_OSMIUM
776400,,,ASH_COATED_OSMIUM,XIRECS,9990.0,2,-2,19980.0,-2,ASH_COATED_OSMIUM,9990.0,12.0,9987.0,29.0,,,10006.0,12.0,10008.0,29.0,,,9998.0,0.0,16.0,9998.0,119880.0,120072.0,0.0,41.0,41.0,-8.0,0.0,-16.0,sell_aggressor,-2,ASH_COATED_OSMIUM
776700,,,ASH_COATED_OSMIUM,XIRECS,9989.0,6,-2,59934.0,-2,ASH_COATED_OSMIUM,9989.0,10.0,,,,,10005.0,10.0,,,,,9997.0,0.0,16.0,9997.0,99890.0,100050.0,0.0,10.0,10.0,-8.0,0.0,-16.0,sell_aggressor,-2,ASH_COATED_OSMIUM
777000,,,ASH_COATED_OSMIUM,XIRECS,10008.0,6,-2,60048.0,-2,ASH_COATED_OSMIUM,9989.0,14.0,9987.0,28.0,,,10008.0,28.0,,,,,9998.5,0.0,19.0,9995.333333333334,139846.0,280224.0,-0.3333333333333333,42.0,28.0,9.5,19.0,0.0,buy_aggressor,-2,ASH_COATED_OSMIUM
778400,,,ASH_COATED_OSMIUM,XIRECS,9995.0,5,-2,49975.0,-2,ASH_COATED_OSMIUM,9990.0,11.0,9987.0,30.0,,,9995.0,3.0,10006.0,11.0,10008.0,30.0,9992.5,0.0,5.0,9993.92857142857,109890.0,29985.0,0.5714285714285714,41.0,44.0,2.5,5.0,0.0,buy_aggressor,-2,ASH_COATED_OSMIUM
786600,,,ASH_COATED_OSMIUM,XIRECS,9989.0,2,-2,19978.0,-2,ASH_COATED_OSMIUM,9989.0,12.0,9986.0,23.0,,,10005.0,12.0,10007.0,23.0,,,9997.0,0.0,16.0,9997.0,119868.0,120060.0,0.0,35.0,35.0,-8.0,0.0,-16.0,sell_aggressor,-2,ASH_COATED_OSMIUM
788400,,,ASH_COATED_OSMIUM,XIRECS,10003.0,5,-2,50015.0,-2,ASH_COATED_OSMIUM,9987.0,12.0,9985.0,24.0,,,10003.0,12.0,10006.0,24.0,,,9995.0,0.0,16.0,9995.0,119844.0,120036.0,0.0,36.0,36.0,8.0,16.0,0.0,buy_aggressor,-2,ASH_COATED_OSMIUM
790200,,,ASH_COATED_OSMIUM,XIRECS,9988.0,3,-2,29964.0,-2,ASH_COATED_OSMIUM,9988.0,15.0,9986.0,21.0,,,10007.0,21.0,,,,,9997.5,0.0,19.0,9995.916666666666,149820.0,210147.0,-0.16666666666666666,36.0,21.0,-9.5,0.0,-19.0,sell_aggressor,-2,ASH_COATED_OSMIUM
791700,,,ASH_COATED_OSMIUM,XIRECS,9987.0,2,-2,19974.0,-2,ASH_COATED_OSMIUM,9987.0,11.0,,,,,10006.0,28.0,,,,,9996.5,0.0,19.0,9992.358974358975,109857.0,280168.0,-0.4358974358974359,11.0,28.0,-9.5,0.0,-19.0,sell_aggressor,-2,ASH_COATED_OSMIUM
792800,,,ASH_COATED_OSMIUM,XIRECS,10005.0,7,-2,70035.0,-2,ASH_COATED_OSMIUM,9986.0,11.0,9984.0,27.0,,,10005.0,27.0,,,,,9995.5,0.0,19.0,9991.5,109846.0,270135.0,-0.42105263157894735,38.0,27.0,9.5,19.0,0.0,buy_aggressor,-2,ASH_COATED_OSMIUM
795100,,,ASH_COATED_OSMIUM,XIRECS,9987.0,3,-2,29961.0,-2,ASH_COATED_OSMIUM,9987.0,15.0,9984.0,29.0,,,10003.0,15.0,10005.0,29.0,,,9995.0,0.0,16.0,9995.0,149805.0,150045.0,0.0,44.0,44.0,-8.0,0.0,-16.0,sell_aggressor,-2,ASH_COATED_OSMIUM
796500,,,ASH_COATED_OSMIUM,XIRECS,9986.0,4,-2,39944.0,-2,ASH_COATED_OSMIUM,9986.0,10.0,9984.0,27.0,,,10002.0,10.0,10005.0,27.0,,,9994.0,0.0,16.0,9994.0,99860.0,100020.0,0.0,37.0,37.0,-8.0,0.0,-16.0,sell_aggressor,-2,ASH_COATED_OSMIUM
799600,,,ASH_COATED_OSMIUM,XIRECS,10006.0,7,-2,70042.0,-2,ASH_COATED_OSMIUM,9987.0,14.0,9985.0,29.0,,,10006.0,29.0,,,,,9996.5,0.0,19.0,9993.186046511628,139818.0,290174.0,-0.3488372093023256,43.0,29.0,9.5,19.0,0.0,buy_aggressor,-2,ASH_COATED_OSMIUM
800100,,,ASH_COATED_OSMIUM,XIRECS,9988.0,3,-2,29964.0,-2,ASH_COATED_OSMIUM,9988.0,13.0,9985.0,22.0,,,9997.0,3.0,10004.0,13.0,10006.0,22.0,9992.5,0.0,9.0,9995.3125,129844.0,29991.0,0.625,35.0,38.0,-4.5,0.0,-9.0,sell_aggressor,-2,ASH_COATED_OSMIUM
801800,,,ASH_COATED_OSMIUM,XIRECS,9987.0,2,-2,19974.0,-2,ASH_COATED_OSMIUM,9987.0,10.0,9984.0,23.0,,,10003.0,10.0,,,,,9995.0,0.0,16.0,9995.0,99870.0,100030.0,0.0,33.0,10.0,-8.0,0.0,-16.0,sell_aggressor,-2,ASH_COATED_OSMIUM
803900,,,ASH_COATED_OSMIUM,XIRECS,9986.0,2,-2,19972.0,-2,ASH_COATED_OSMIUM,9986.0,11.0,9983.0,23.0,,,10002.0,11.0,10004.0,23.0,,,9994.0,0.0,16.0,9994.0,109846.0,110022.0,0.0,34.0,34.0,-8.0,0.0,-16.0,sell_aggressor,-2,ASH_COATED_OSMIUM
804900,,,ASH_COATED_OSMIUM,XIRECS,10003.0,5,-2,50015.0,-2,ASH_COATED_OSMIUM,9987.0,13.0,9984.0,25.0,,,10003.0,13.0,10005.0,25.0,,,9995.0,0.0,16.0,9995.0,129831.0,130039.0,0.0,38.0,38.0,8.0,16.0,0.0,buy_aggressor,-2,ASH_COATED_OSMIUM
808400,,,ASH_COATED_OSMIUM,XIRECS,10001.0,8,-2,80008.0,-2,ASH_COATED_OSMIUM,9990.0,2.0,9985.0,11.0,9982.0,28.0,10001.0,11.0,10003.0,28.0,,,9995.5,0.0,11.0,9991.692307692309,19980.0,110011.0,-0.6923076923076923,41.0,39.0,5.5,11.0,0.0,buy_aggressor,-2,ASH_COATED_OSMIUM
809500,,,ASH_COATED_OSMIUM,XIRECS,9999.0,3,-2,29997.0,-2,ASH_COATED_OSMIUM,9983.0,13.0,9981.0,20.0,,,9999.0,13.0,10002.0,20.0,,,9991.0,0.0,16.0,9991.0,129779.0,129987.0,0.0,33.0,33.0,8.0,16.0,0.0,buy_aggressor,-2,ASH_COATED_OSMIUM
814300,,,ASH_COATED_OSMIUM,XIRECS,10002.0,3,-2,30006.0,-2,ASH_COATED_OSMIUM,9996.0,8.0,9986.0,11.0,,,10002.0,11.0,10005.0,22.0,,,9999.0,0.0,6.0,9998.526315789473,79968.0,110022.0,-0.15789473684210525,19.0,33.0,3.0,6.0,0.0,buy_aggressor,-2,ASH_COATED_OSMIUM
817900,,,ASH_COATED_OSMIUM,XIRECS,9988.0,10,-2,99880.0,-2,ASH_COATED_OSMIUM,9988.0,13.0,9985.0,27.0,,,10003.0,13.0,10006.0,27.0,,,9995.5,0.0,15.0,9995.5,129844.0,130039.0,0.0,40.0,40.0,-7.5,0.0,-15.0,sell_aggressor,-2,ASH_COATED_OSMIUM
821000,,,ASH_COATED_OSMIUM,XIRECS,9998.0,4,-2,39992.0,-2,ASH_COATED_OSMIUM,9998.0,2.0,,,,,10004.0,10.0,10007.0,25.0,,,10001.0,0.0,6.0,9999.0,19996.0,100040.0,-0.6666666666666666,2.0,35.0,-3.0,0.0,-6.0,sell_aggressor,-2,ASH_COATED_OSMIUM
822700,,,ASH_COATED_OSMIUM,XIRECS,10005.0,7,-2,70035.0,-2,ASH_COATED_OSMIUM,9989.0,11.0,9986.0,23.0,,,10005.0,11.0,10007.0,23.0,,,9997.0,0.0,16.0,9997.0,109879.0,110055.0,0.0,34.0,34.0,8.0,16.0,0.0,buy_aggressor,-2,ASH_COATED_OSMIUM
830100,,,ASH_COATED_OSMIUM,XIRECS,9990.0,5,-2,49950.0,-2,ASH_COATED_OSMIUM,9990.0,26.0,,,,,10008.0,15.0,10011.0,26.0,,,9999.0,0.0,18.0,10001.414634146342,259740.0,150120.0,0.2682926829268293,26.0,41.0,-9.0,0.0,-18.0,sell_aggressor,-2,ASH_COATED_OSMIUM
830500,,,ASH_COATED_OSMIUM,XIRECS,10009.0,6,-2,60054.0,-2,ASH_COATED_OSMIUM,,,,,,,10009.0,12.0,10012.0,22.0,,,10009.0,0.0,,,,120108.0,,0.0,34.0,0.0,,0.0,buy_aggressor,-2,ASH_COATED_OSMIUM
830700,,,ASH_COATED_OSMIUM,XIRECS,9991.0,9,-2,89919.0,-2,ASH_COATED_OSMIUM,9991.0,29.0,,,,,10010.0,10.0,10012.0,29.0,,,10000.5,0.0,19.0,10005.128205128205,289739.0,100100.0,0.48717948717948717,29.0,39.0,-9.5,0.0,-19.0,sell_aggressor,-2,ASH_COATED_OSMIUM
831800,,,ASH_COATED_OSMIUM,XIRECS,10011.0,2,-2,20022.0,-2,ASH_COATED_OSMIUM,9995.0,12.0,9992.0,30.0,,,10011.0,12.0,10013.0,30.0,,,10003.0,0.0,16.0,10003.0,119940.0,120132.0,0.0,42.0,42.0,8.0,16.0,0.0,buy_aggressor,-2,ASH_COATED_OSMIUM
832300,,,ASH_COATED_OSMIUM,XIRECS,10010.0,4,-2,40040.0,-2,ASH_COATED_OSMIUM,9992.0,25.0,,,,,10010.0,10.0,10013.0,25.0,,,10001.0,0.0,18.0,10004.857142857143,249800.0,100100.0,0.42857142857142855,25.0,35.0,9.0,18.0,0.0,buy_aggressor,-2,ASH_COATED_OSMIUM
833300,,,ASH_COATED_OSMIUM,XIRECS,9996.0,8,-2,79968.0,-2,ASH_COATED_OSMIUM,9996.0,15.0,,,,,10012.0,15.0,10014.0,28.0,,,10004.0,0.0,16.0,10004.0,149940.0,150180.0,0.0,15.0,43.0,-8.0,0.0,-16.0,sell_aggressor,-2,ASH_COATED_OSMIUM
834300,,,ASH_COATED_OSMIUM,XIRECS,10011.0,5,-2,50055.0,-2,ASH_COATED_OSMIUM,9995.0,15.0,9993.0,22.0,,,10011.0,15.0,10014.0,22.0,,,10003.0,0.0,16.0,10003.0,149925.0,150165.0,0.0,37.0,37.0,8.0,16.0,0.0,buy_aggressor,-2,ASH_COATED_OSMIUM
835200,,,ASH_COATED_OSMIUM,XIRECS,10011.0,2,-2,20022.0,-2,ASH_COATED_OSMIUM,9995.0,14.0,9992.0,28.0,,,10011.0,14.0,10013.0,28.0,,,10003.0,0.0,16.0,10003.0,139930.0,140154.0,0.0,42.0,42.0,8.0,16.0,0.0,buy_aggressor,-2,ASH_COATED_OSMIUM
836900,,,ASH_COATED_OSMIUM,XIRECS,9995.0,5,-2,49975.0,-2,ASH_COATED_OSMIUM,9995.0,10.0,9992.0,23.0,,,10011.0,10.0,10013.0,23.0,,,10003.0,0.0,16.0,10003.0,99950.0,100110.0,0.0,33.0,33.0,-8.0,0.0,-16.0,sell_aggressor,-2,ASH_COATED_OSMIUM
837000,,,ASH_COATED_OSMIUM,XIRECS,10014.0,4,-2,40056.0,-2,ASH_COATED_OSMIUM,9996.0,13.0,9993.0,27.0,,,10014.0,27.0,,,,,10005.0,0.0,18.0,10001.85,129948.0,270378.0,-0.35,40.0,27.0,9.0,18.0,0.0,buy_aggressor,-2,ASH_COATED_OSMIUM
840000,,,ASH_COATED_OSMIUM,XIRECS,10010.0,5,-2,50050.0,-2,ASH_COATED_OSMIUM,9994.0,10.0,9992.0,24.0,,,10010.0,10.0,10013.0,24.0,,,10002.0,0.0,16.0,10002.0,99940.0,100100.0,0.0,34.0,34.0,8.0,16.0,0.0,buy_aggressor,-2,ASH_COATED_OSMIUM
841100,,,ASH_COATED_OSMIUM,XIRECS,9995.0,5,-2,49975.0,-2,ASH_COATED_OSMIUM,9995.0,11.0,9993.0,23.0,,,10011.0,11.0,10014.0,23.0,,,10003.0,0.0,16.0,10003.0,109945.0,110121.0,0.0,34.0,34.0,-8.0,0.0,-16.0,sell_aggressor,-2,ASH_COATED_OSMIUM
842200,,,ASH_COATED_OSMIUM,XIRECS,9996.0,5,-2,49980.0,-2,ASH_COATED_OSMIUM,9996.0,10.0,9993.0,26.0,,,10012.0,10.0,10014.0,26.0,,,10004.0,0.0,16.0,10004.0,99960.0,100120.0,0.0,36.0,36.0,-8.0,0.0,-16.0,sell_aggressor,-2,ASH_COATED_OSMIUM
846300,,,ASH_COATED_OSMIUM,XIRECS,10011.0,5,-2,50055.0,-2,ASH_COATED_OSMIUM,9992.0,27.0,,,,,10011.0,12.0,10013.0,27.0,,,10001.5,0.0,19.0,10005.153846153846,269784.0,120132.0,0.38461538461538464,27.0,39.0,9.5,19.0,0.0,buy_aggressor,-2,ASH_COATED_OSMIUM
850000,,,ASH_COATED_OSMIUM,XIRECS,9996.0,10,-2,99960.0,-2,ASH_COATED_OSMIUM,9996.0,13.0,,,,,10012.0,13.0,10015.0,28.0,,,10004.0,0.0,16.0,10004.0,129948.0,130156.0,0.0,13.0,41.0,-8.0,0.0,-16.0,sell_aggressor,-2,ASH_COATED_OSMIUM
850600,,,ASH_COATED_OSMIUM,XIRECS,9992.0,3,-2,29976.0,-2,ASH_COATED_OSMIUM,9992.0,22.0,,,,,10011.0,12.0,10014.0,22.0,,,10001.5,0.0,19.0,10004.29411764706,219824.0,120132.0,0.29411764705882354,22.0,34.0,-9.5,0.0,-19.0,sell_aggressor,-2,ASH_COATED_OSMIUM
851200,,,ASH_COATED_OSMIUM,XIRECS,10011.0,6,-2,60066.0,-2,ASH_COATED_OSMIUM,9992.0,29.0,,,,,10011.0,10.0,10013.0,29.0,,,10001.5,0.0,19.0,10006.128205128205,289768.0,100110.0,0.48717948717948717,29.0,39.0,9.5,19.0,0.0,buy_aggressor,-2,ASH_COATED_OSMIUM
853400,,,ASH_COATED_OSMIUM,XIRECS,9993.0,4,-2,39972.0,-2,ASH_COATED_OSMIUM,9993.0,13.0,9990.0,27.0,,,10009.0,13.0,10011.0,27.0,,,10001.0,0.0,16.0,10001.0,129909.0,130117.0,0.0,40.0,40.0,-8.0,0.0,-16.0,sell_aggressor,-2,ASH_COATED_OSMIUM
858400,,,ASH_COATED_OSMIUM,XIRECS,9993.0,5,-2,49965.0,-2,ASH_COATED_OSMIUM,9993.0,15.0,,,,,10009.0,15.0,10012.0,28.0,,,10001.0,0.0,16.0,10001.0,149895.0,150135.0,0.0,15.0,43.0,-8.0,0.0,-16.0,sell_aggressor,-2,ASH_COATED_OSMIUM
858600,,,ASH_COATED_OSMIUM,XIRECS,9993.0,5,-2,49965.0,-2,ASH_COATED_OSMIUM,9993.0,10.0,9991.0,27.0,,,10009.0,10.0,10012.0,27.0,,,10001.0,0.0,16.0,10001.0,99930.0,100090.0,0.0,37.0,37.0,-8.0,0.0,-16.0,sell_aggressor,-2,ASH_COATED_OSMIUM
858600,,,ASH_COATED_OSMIUM,XIRECS,9993.0,5,-2,49965.0,-2,ASH_COATED_OSMIUM,9993.0,10.0,9991.0,27.0,,,10009.0,10.0,10012.0,27.0,,,10001.0,0.0,16.0,10001.0,99930.0,100090.0,0.0,37.0,37.0,-8.0,0.0,-16.0,sell_aggressor,-2,ASH_COATED_OSMIUM
867300,,,ASH_COATED_OSMIUM,XIRECS,9997.0,8,-2,79976.0,-2,ASH_COATED_OSMIUM,9997.0,13.0,,,,,10015.0,28.0,,,,,10006.0,0.0,18.0,10002.707317073171,129961.0,280420.0,-0.36585365853658536,13.0,28.0,-9.0,0.0,-18.0,sell_aggressor,-2,ASH_COATED_OSMIUM
874800,,,ASH_COATED_OSMIUM,XIRECS,10013.0,2,-2,20026.0,-2,ASH_COATED_OSMIUM,,,,,,,10013.0,10.0,10015.0,23.0,,,10013.0,0.0,,,,100130.0,,0.0,33.0,0.0,,0.0,buy_aggressor,-2,ASH_COATED_OSMIUM
876400,,,ASH_COATED_OSMIUM,XIRECS,10013.0,2,-2,20026.0,-2,ASH_COATED_OSMIUM,9997.0,14.0,9994.0,22.0,,,10013.0,14.0,10015.0,22.0,,,10005.0,0.0,16.0,10005.0,139958.0,140182.0,0.0,36.0,36.0,8.0,16.0,0.0,buy_aggressor,-2,ASH_COATED_OSMIUM
878100,,,ASH_COATED_OSMIUM,XIRECS,10012.0,4,-2,40048.0,-2,ASH_COATED_OSMIUM,9996.0,14.0,9994.0,30.0,,,10012.0,14.0,10015.0,30.0,,,10004.0,0.0,16.0,10004.0,139944.0,140168.0,0.0,44.0,44.0,8.0,16.0,0.0,buy_aggressor,-2,ASH_COATED_OSMIUM
891300,,,ASH_COATED_OSMIUM,XIRECS,10008.0,10,-2,100080.0,-2,ASH_COATED_OSMIUM,9992.0,14.0,,,,,10008.0,14.0,10010.0,30.0,,,10000.0,0.0,16.0,10000.0,139888.0,140112.0,0.0,14.0,44.0,8.0,16.0,0.0,buy_aggressor,-2,ASH_COATED_OSMIUM
892800,,,ASH_COATED_OSMIUM,XIRECS,10008.0,5,-2,50040.0,-2,ASH_COATED_OSMIUM,9992.0,13.0,9990.0,27.0,,,10008.0,13.0,10011.0,27.0,,,10000.0,0.0,16.0,10000.0,129896.0,130104.0,0.0,40.0,40.0,8.0,16.0,0.0,buy_aggressor,-2,ASH_COATED_OSMIUM
895700,,,ASH_COATED_OSMIUM,XIRECS,10010.0,4,-2,40040.0,-2,ASH_COATED_OSMIUM,9991.0,22.0,,,,,10010.0,15.0,,,,,10000.5,0.0,19.0,10002.297297297297,219802.0,150150.0,0.1891891891891892,22.0,15.0,9.5,19.0,0.0,buy_aggressor,-2,ASH_COATED_OSMIUM
898400,,,ASH_COATED_OSMIUM,XIRECS,9995.0,9,-2,89955.0,-2,ASH_COATED_OSMIUM,9995.0,15.0,,,,,10011.0,15.0,10014.0,25.0,,,10003.0,0.0,16.0,10003.0,149925.0,150165.0,0.0,15.0,40.0,-8.0,0.0,-16.0,sell_aggressor,-2,ASH_COATED_OSMIUM
901700,,,ASH_COATED_OSMIUM,XIRECS,9993.0,3,-2,29979.0,-2,ASH_COATED_OSMIUM,9993.0,30.0,,,,,10014.0,30.0,,,,,10003.5,0.0,21.0,10003.5,299790.0,300420.0,0.0,30.0,30.0,-10.5,0.0,-21.0,sell_aggressor,-2,ASH_COATED_OSMIUM
902500,,,ASH_COATED_OSMIUM,XIRECS,9994.0,4,-2,39976.0,-2,ASH_COATED_OSMIUM,9994.0,11.0,,,,,10010.0,11.0,10013.0,28.0,,,10002.0,0.0,16.0,10002.0,109934.0,110110.0,0.0,11.0,39.0,-8.0,0.0,-16.0,sell_aggressor,-2,ASH_COATED_OSMIUM
902700,,,ASH_COATED_OSMIUM,XIRECS,9995.0,3,-2,29985.0,-2,ASH_COATED_OSMIUM,9995.0,10.0,9992.0,25.0,,,10011.0,10.0,10013.0,25.0,,,10003.0,0.0,16.0,10003.0,99950.0,100110.0,0.0,35.0,35.0,-8.0,0.0,-16.0,sell_aggressor,-2,ASH_COATED_OSMIUM
903500,,,ASH_COATED_OSMIUM,XIRECS,9994.0,5,-2,49970.0,-2,ASH_COATED_OSMIUM,9994.0,15.0,9991.0,27.0,,,10010.0,15.0,10012.0,27.0,,,10002.0,0.0,16.0,10002.0,149910.0,150150.0,0.0,42.0,42.0,-8.0,0.0,-16.0,sell_aggressor,-2,ASH_COATED_OSMIUM
905800,,,ASH_COATED_OSMIUM,XIRECS,9995.0,2,-2,19990.0,-2,ASH_COATED_OSMIUM,9995.0,12.0,9992.0,28.0,,,10011.0,12.0,10013.0,28.0,,,10003.0,0.0,16.0,10003.0,119940.0,120132.0,0.0,40.0,40.0,-8.0,0.0,-16.0,sell_aggressor,-2,ASH_COATED_OSMIUM
906100,,,ASH_COATED_OSMIUM,XIRECS,10010.0,6,-2,60060.0,-2,ASH_COATED_OSMIUM,9991.0,21.0,,,,,10010.0,13.0,10012.0,21.0,,,10000.5,0.0,19.0,10002.735294117647,209811.0,130130.0,0.23529411764705882,21.0,34.0,9.5,19.0,0.0,buy_aggressor,-2,ASH_COATED_OSMIUM
910600,,,ASH_COATED_OSMIUM,XIRECS,9994.0,7,-2,69958.0,-2,ASH_COATED_OSMIUM,9994.0,12.0,9992.0,29.0,,,10010.0,12.0,10013.0,29.0,,,10002.0,0.0,16.0,10002.0,119928.0,120120.0,0.0,41.0,41.0,-8.0,0.0,-16.0,sell_aggressor,-2,ASH_COATED_OSMIUM
914300,,,ASH_COATED_OSMIUM,XIRECS,9993.0,4,-2,39972.0,-2,ASH_COATED_OSMIUM,9993.0,14.0,9990.0,26.0,,,10009.0,14.0,10011.0,26.0,,,10001.0,0.0,16.0,10001.0,139902.0,140126.0,0.0,40.0,40.0,-8.0,0.0,-16.0,sell_aggressor,-2,ASH_COATED_OSMIUM
917400,,,ASH_COATED_OSMIUM,XIRECS,9994.0,5,-2,49970.0,-2,ASH_COATED_OSMIUM,9994.0,13.0,9991.0,24.0,,,10010.0,13.0,10012.0,24.0,,,10002.0,0.0,16.0,10002.0,129922.0,130130.0,0.0,37.0,37.0,-8.0,0.0,-16.0,sell_aggressor,-2,ASH_COATED_OSMIUM
923300,,,ASH_COATED_OSMIUM,XIRECS,10006.0,3,-2,30018.0,-2,ASH_COATED_OSMIUM,9996.0,11.0,,,,,10006.0,3.0,10015.0,20.0,,,10001.0,0.0,10.0,10003.857142857143,109956.0,30018.0,0.5714285714285714,11.0,23.0,5.0,10.0,0.0,buy_aggressor,-2,ASH_COATED_OSMIUM
924600,,,ASH_COATED_OSMIUM,XIRECS,9996.0,3,-2,29988.0,-2,ASH_COATED_OSMIUM,9996.0,10.0,9993.0,26.0,,,10012.0,10.0,,,,,10004.0,0.0,16.0,10004.0,99960.0,100120.0,0.0,36.0,10.0,-8.0,0.0,-16.0,sell_aggressor,-2,ASH_COATED_OSMIUM
931300,,,ASH_COATED_OSMIUM,XIRECS,10013.0,8,-2,80104.0,-2,ASH_COATED_OSMIUM,9997.0,13.0,,,,,10013.0,13.0,,,,,10005.0,0.0,16.0,10005.0,129961.0,130169.0,0.0,13.0,13.0,8.0,16.0,0.0,buy_aggressor,-2,ASH_COATED_OSMIUM
932500,,,ASH_COATED_OSMIUM,XIRECS,9995.0,8,-2,79960.0,-2,ASH_COATED_OSMIUM,9995.0,20.0,,,,,10016.0,20.0,,,,,10005.5,0.0,21.0,10005.5,199900.0,200320.0,0.0,20.0,20.0,-10.5,0.0,-21.0,sell_aggressor,-2,ASH_COATED_OSMIUM
933500,,,ASH_COATED_OSMIUM,XIRECS,10013.0,9,-2,90117.0,-2,ASH_COATED_OSMIUM,9997.0,11.0,9995.0,26.0,,,10013.0,11.0,10016.0,26.0,,,10005.0,0.0,16.0,10005.0,109967.0,110143.0,0.0,37.0,37.0,8.0,16.0,0.0,buy_aggressor,-2,ASH_COATED_OSMIUM
933700,,,ASH_COATED_OSMIUM,XIRECS,10012.0,6,-2,60072.0,-2,ASH_COATED_OSMIUM,9996.0,10.0,9994.0,29.0,,,10012.0,10.0,10015.0,29.0,,,10004.0,0.0,16.0,10004.0,99960.0,100120.0,0.0,39.0,39.0,8.0,16.0,0.0,buy_aggressor,-2,ASH_COATED_OSMIUM
936100,,,ASH_COATED_OSMIUM,XIRECS,9995.0,4,-2,39980.0,-2,ASH_COATED_OSMIUM,9995.0,21.0,,,,,10016.0,21.0,,,,,10005.5,0.0,21.0,10005.5,209895.0,210336.0,0.0,21.0,21.0,-10.5,0.0,-21.0,sell_aggressor,-2,ASH_COATED_OSMIUM
940100,,,ASH_COATED_OSMIUM,XIRECS,9999.0,10,-2,99990.0,-2,ASH_COATED_OSMIUM,9999.0,15.0,9996.0,28.0,,,10015.0,15.0,,,,,10007.0,0.0,16.0,10007.0,149985.0,150225.0,0.0,43.0,15.0,-8.0,0.0,-16.0,sell_aggressor,-2,ASH_COATED_OSMIUM
940600,,,ASH_COATED_OSMIUM,XIRECS,9999.0,6,-2,59994.0,-2,ASH_COATED_OSMIUM,9999.0,10.0,9996.0,23.0,,,10018.0,23.0,,,,,10008.5,0.0,19.0,10004.757575757576,99990.0,230414.0,-0.3939393939393939,33.0,23.0,-9.5,0.0,-19.0,sell_aggressor,-2,ASH_COATED_OSMIUM
943100,,,ASH_COATED_OSMIUM,XIRECS,9999.0,6,-2,59994.0,-2,ASH_COATED_OSMIUM,9999.0,11.0,9996.0,21.0,,,10015.0,11.0,10017.0,21.0,,,10007.0,0.0,16.0,10007.0,109989.0,110165.0,0.0,32.0,32.0,-8.0,0.0,-16.0,sell_aggressor,-2,ASH_COATED_OSMIUM
943600,,,ASH_COATED_OSMIUM,XIRECS,10004.0,2,-2,20008.0,-2,ASH_COATED_OSMIUM,10004.0,3.0,9996.0,20.0,,,10014.0,15.0,10017.0,20.0,,,10009.0,0.0,10.0,10005.666666666666,30012.0,150210.0,-0.6666666666666666,23.0,35.0,-5.0,0.0,-10.0,sell_aggressor,-2,ASH_COATED_OSMIUM
943900,,,ASH_COATED_OSMIUM,XIRECS,9998.0,5,-2,49990.0,-2,ASH_COATED_OSMIUM,9998.0,10.0,9996.0,23.0,,,10008.0,3.0,10014.0,10.0,10017.0,23.0,10003.0,0.0,10.0,10005.692307692309,99980.0,30024.0,0.5384615384615384,33.0,36.0,-5.0,0.0,-10.0,sell_aggressor,-2,ASH_COATED_OSMIUM
946000,,,ASH_COATED_OSMIUM,XIRECS,9998.0,5,-2,49990.0,-2,ASH_COATED_OSMIUM,9998.0,15.0,9995.0,30.0,,,10014.0,15.0,10016.0,30.0,,,10006.0,0.0,16.0,10006.0,149970.0,150210.0,0.0,45.0,45.0,-8.0,0.0,-16.0,sell_aggressor,-2,ASH_COATED_OSMIUM
951300,,,ASH_COATED_OSMIUM,XIRECS,9995.0,6,-2,59970.0,-2,ASH_COATED_OSMIUM,9995.0,15.0,,,,,10011.0,15.0,10014.0,25.0,,,10003.0,0.0,16.0,10003.0,149925.0,150165.0,0.0,15.0,40.0,-8.0,0.0,-16.0,sell_aggressor,-2,ASH_COATED_OSMIUM
956100,,,ASH_COATED_OSMIUM,XIRECS,10010.0,6,-2,60060.0,-2,ASH_COATED_OSMIUM,9991.0,14.0,9989.0,20.0,,,10010.0,20.0,,,,,10000.5,0.0,19.0,9998.823529411764,139874.0,200200.0,-0.17647058823529413,34.0,20.0,9.5,19.0,0.0,buy_aggressor,-2,ASH_COATED_OSMIUM
957400,,,ASH_COATED_OSMIUM,XIRECS,10006.0,4,-2,40024.0,-2,ASH_COATED_OSMIUM,9990.0,13.0,9987.0,28.0,,,10006.0,13.0,10008.0,28.0,,,9998.0,0.0,16.0,9998.0,129870.0,130078.0,0.0,41.0,41.0,8.0,16.0,0.0,buy_aggressor,-2,ASH_COATED_OSMIUM
959400,,,ASH_COATED_OSMIUM,XIRECS,10006.0,4,-2,40024.0,-2,ASH_COATED_OSMIUM,9990.0,13.0,9988.0,21.0,,,10006.0,13.0,10009.0,21.0,,,9998.0,0.0,16.0,9998.0,129870.0,130078.0,0.0,34.0,34.0,8.0,16.0,0.0,buy_aggressor,-2,ASH_COATED_OSMIUM
960200,,,ASH_COATED_OSMIUM,XIRECS,9989.0,6,-2,59934.0,-2,ASH_COATED_OSMIUM,9989.0,13.0,,,,,10005.0,13.0,10008.0,30.0,,,9997.0,0.0,16.0,9997.0,129857.0,130065.0,0.0,13.0,43.0,-8.0,0.0,-16.0,sell_aggressor,-2,ASH_COATED_OSMIUM
963200,,,ASH_COATED_OSMIUM,XIRECS,10005.0,6,-2,60030.0,-2,ASH_COATED_OSMIUM,9987.0,25.0,,,,,10005.0,11.0,10008.0,25.0,,,9996.0,0.0,18.0,9999.5,249675.0,110055.0,0.3888888888888889,25.0,36.0,9.0,18.0,0.0,buy_aggressor,-2,ASH_COATED_OSMIUM
964800,,,ASH_COATED_OSMIUM,XIRECS,10006.0,6,-2,60036.0,-2,ASH_COATED_OSMIUM,,,,,,,10006.0,20.0,,,,,10006.0,0.0,,,,200120.0,,0.0,20.0,0.0,,0.0,buy_aggressor,-2,ASH_COATED_OSMIUM
966000,,,ASH_COATED_OSMIUM,XIRECS,9987.0,6,-2,59922.0,-2,ASH_COATED_OSMIUM,9987.0,14.0,9984.0,29.0,,,10003.0,14.0,10005.0,29.0,,,9995.0,0.0,16.0,9995.0,139818.0,140042.0,0.0,43.0,43.0,-8.0,0.0,-16.0,sell_aggressor,-2,ASH_COATED_OSMIUM
967000,,,ASH_COATED_OSMIUM,XIRECS,10004.0,8,-2,80032.0,-2,ASH_COATED_OSMIUM,9988.0,14.0,9985.0,22.0,,,10004.0,14.0,10006.0,22.0,,,9996.0,0.0,16.0,9996.0,139832.0,140056.0,0.0,36.0,36.0,8.0,16.0,0.0,buy_aggressor,-2,ASH_COATED_OSMIUM
973400,,,ASH_COATED_OSMIUM,XIRECS,9986.0,8,-2,79888.0,-2,ASH_COATED_OSMIUM,9986.0,14.0,9983.0,29.0,,,10002.0,14.0,10004.0,29.0,,,9994.0,0.0,16.0,9994.0,139804.0,140028.0,0.0,43.0,43.0,-8.0,0.0,-16.0,sell_aggressor,-2,ASH_COATED_OSMIUM
973700,,,ASH_COATED_OSMIUM,XIRECS,10002.0,2,-2,20004.0,-2,ASH_COATED_OSMIUM,9983.0,28.0,,,,,10002.0,11.0,10004.0,28.0,,,9992.5,0.0,19.0,9996.641025641025,279524.0,110022.0,0.4358974358974359,28.0,39.0,9.5,19.0,0.0,buy_aggressor,-2,ASH_COATED_OSMIUM
974900,,,ASH_COATED_OSMIUM,XIRECS,9986.0,6,-2,59916.0,-2,ASH_COATED_OSMIUM,9986.0,14.0,9983.0,28.0,,,10002.0,14.0,10004.0,28.0,,,9994.0,0.0,16.0,9994.0,139804.0,140028.0,0.0,42.0,42.0,-8.0,0.0,-16.0,sell_aggressor,-2,ASH_COATED_OSMIUM
976500,,,ASH_COATED_OSMIUM,XIRECS,9985.0,6,-2,59910.0,-2,ASH_COATED_OSMIUM,9985.0,10.0,9982.0,30.0,,,10001.0,10.0,10003.0,30.0,,,9993.0,0.0,16.0,9993.0,99850.0,100010.0,0.0,40.0,40.0,-8.0,0.0,-16.0,sell_aggressor,-2,ASH_COATED_OSMIUM
977100,,,ASH_COATED_OSMIUM,XIRECS,10001.0,7,-2,70007.0,-2,ASH_COATED_OSMIUM,9985.0,12.0,9983.0,29.0,,,10001.0,12.0,10004.0,29.0,,,9993.0,0.0,16.0,9993.0,119820.0,120012.0,0.0,41.0,41.0,8.0,16.0,0.0,buy_aggressor,-2,ASH_COATED_OSMIUM
980800,,,ASH_COATED_OSMIUM,XIRECS,10000.0,3,-2,30000.0,-2,ASH_COATED_OSMIUM,9981.0,26.0,,,,,10000.0,10.0,10002.0,26.0,,,9990.5,0.0,19.0,9994.722222222223,259506.0,100000.0,0.4444444444444444,26.0,36.0,9.5,19.0,0.0,buy_aggressor,-2,ASH_COATED_OSMIUM
