timestamp,buyer,seller,symbol,currency,price,quantity,day,trade_notional
700,,,ASH_COATED_OSMIUM,XIRECS,9990.0,6,-2,59940.0
900,,,ASH_COATED_OSMIUM,XIRECS,9998.0,2,-2,19996.0
2500,,,ASH_COATED_OSMIUM,XIRECS,10011.0,8,-2,80088.0
6100,,,ASH_COATED_OSMIUM,XIRECS,10013.0,8,-2,80104.0
12900,,,ASH_COATED_OSMIUM,XIRECS,10001.0,9,-2,90009.0
13800,,,ASH_COATED_OSMIUM,XIRECS,10017.0,3,-2,30051.0
15000,,,ASH_COATED_OSMIUM,XIRECS,10016.0,3,-2,30048.0
15100,,,ASH_COATED_OSMIUM,XIRECS,10016.0,5,-2,50080.0
15900,,,ASH_COATED_OSMIUM,XIRECS,9995.0,9,-2,89955.0
17400,,,ASH_COATED_OSMIUM,XIRECS,10014.0,4,-2,40056.0
18400,,,ASH_COATED_OSMIUM,XIRECS,10018.0,4,-2,40072.0
24000,,,ASH_COATED_OSMIUM,XIRECS,10013.0,6,-2,60078.0
28700,,,ASH_COATED_OSMIUM,XIRECS,10011.0,2,-2,20022.0
28800,,,ASH_COATED_OSMIUM,XIRECS,10011.0,10,-2,100110.0
30700,,,ASH_COATED_OSMIUM,XIRECS,10012.0,6,-2,60072.0
32400,,,ASH_COATED_OSMIUM,XIRECS,10005.0,4,-2,40020.0
33000,,,ASH_COATED_OSMIUM,XIRECS,10013.0,9,-2,90117.0
36600,,,ASH_COATED_OSMIUM,XIRECS,9997.0,6,-2,59982.0
36700,,,ASH_COATED_OSMIUM,XIRECS,10012.0,10,-2,100120.0
40500,,,ASH_COATED_OSMIUM,XIRECS,9997.0,2,-2,19994.0
42000,,,ASH_COATED_OSMIUM,XIRECS,10006.0,4,-2,40024.0
44200,,,ASH_COATED_OSMIUM,XIRECS,10014.0,2,-2,20028.0
45600,,,ASH_COATED_OSMIUM,XIRECS,10011.0,4,-2,40044.0
48000,,,ASH_COATED_OSMIUM,XIRECS,10014.0,10,-2,100140.0
50000,,,ASH_COATED_OSMIUM,XIRECS,10008.0,3,-2,30024.0
50800,,,ASH_COATED_OSMIUM,XIRECS,10015.0,5,-2,50075.0
51400,,,ASH_COATED_OSMIUM,XIRECS,10018.0,8,-2,80144.0
53800,,,ASH_COATED_OSMIUM,XIRECS,9999.0,10,-2,99990.0
55900,,,ASH_COATED_OSMIUM,XIRECS,10013.0,6,-2,60078.0
57600,,,ASH_COATED_OSMIUM,XIRECS,9998.0,6,-2,59988.0
67300,,,ASH_COATED_OSMIUM,XIRECS,9989.0,8,-2,79912.0
69400,,,ASH_COATED_OSMIUM,XIRECS,9987.0,5,-2,49935.0
71700,,,ASH_COATED_OSMIUM,XIRECS,9990.0,8,-2,79920.0
72900,,,ASH_COATED_OSMIUM,XIRECS,9990.0,9,-2,89910.0
73900,,,ASH_COATED_OSMIUM,XIRECS,9991.0,7,-2,69937.0
74500,,,ASH_COATED_OSMIUM,XIRECS,10007.0,9,-2,90063.0
76000,,,ASH_COATED_OSMIUM,XIRECS,10008.0,7,-2,70056.0
79600,,,ASH_COATED_OSMIUM,XIRECS,10008.0,6,-2,60048.0
81200,,,ASH_COATED_OSMIUM,XIRECS,9991.0,6,-2,59946.0
84600,,,ASH_COATED_OSMIUM,XIRECS,9990.0,2,-2,19980.0
86100,,,ASH_COATED_OSMIUM,XIRECS,10007.0,6,-2,60042.0
86200,,,ASH_COATED_OSMIUM,XIRECS,9991.0,4,-2,39964.0
94000,,,ASH_COATED_OSMIUM,XIRECS,10004.0,8,-2,80032.0
94400,,,ASH_COATED_OSMIUM,XIRECS,10004.0,3,-2,30012.0
96300,,,ASH_COATED_OSMIUM,XIRECS,10006.0,8,-2,80048.0
97200,,,ASH_COATED_OSMIUM,XIRECS,9994.0,4,-2,39976.0
97600,,,ASH_COATED_OSMIUM,XIRECS,9999.0,3,-2,29997.0
98200,,,ASH_COATED_OSMIUM,XIRECS,9990.0,3,-2,29970.0
100100,,,ASH_COATED_OSMIUM,XIRECS,9993.0,3,-2,29979.0
101700,,,ASH_COATED_OSMIUM,XIRECS,10001.0,5,-2,50005.0
103900,,,ASH_COATED_OSMIUM,XIRECS,10004.0,4,-2,40016.0
105100,,,ASH_COATED_OSMIUM,XIRECS,9990.0,8,-2,79920.0
105200,,,ASH_COATED_OSMIUM,XIRECS,10005.0,3,-2,30015.0
106000,,,ASH_COATED_OSMIUM,XIRECS,9989.0,4,-2,39956.0
107900,,,ASH_COATED_OSMIUM,XIRECS,9991.0,6,-2,59946.0
108800,,,ASH_COATED_OSMIUM,XIRECS,9990.0,9,-2,89910.0
111800,,,ASH_COATED_OSMIUM,XIRECS,9989.0,6,-2,59934.0
113300,,,ASH_COATED_OSMIUM,XIRECS,9995.0,5,-2,49975.0
113500,,,ASH_COATED_OSMIUM,XIRECS,10010.0,4,-2,40040.0
114100,,,ASH_COATED_OSMIUM,XIRECS,10011.0,10,-2,100110.0
118900,,,ASH_COATED_OSMIUM,XIRECS,9993.0,3,-2,29979.0
119100,,,ASH_COATED_OSMIUM,XIRECS,10010.0,4,-2,40040.0
120000,,,ASH_COATED_OSMIUM,XIRECS,10010.0,8,-2,80080.0
120900,,,ASH_COATED_OSMIUM,XIRECS,10010.0,6,-2,60060.0
122900,,,ASH_COATED_OSMIUM,XIRECS,9991.0,3,-2,29973.0
125200,,,ASH_COATED_OSMIUM,XIRECS,10007.0,3,-2,30021.0
125400,,,ASH_COATED_OSMIUM,XIRECS,9990.0,3,-2,29970.0
133100,,,ASH_COATED_OSMIUM,XIRECS,9991.0,8,-2,79928.0
135800,,,ASH_COATED_OSMIUM,XIRECS,9992.0,2,-2,19984.0
137500,,,ASH_COATED_OSMIUM,XIRECS,9992.0,5,-2,49960.0
139000,,,ASH_COATED_OSMIUM,XIRECS,9988.0,6,-2,59928.0
149800,,,ASH_COATED_OSMIUM,XIRECS,10007.0,6,-2,60042.0
157000,,,ASH_COATED_OSMIUM,XIRECS,10005.0,3,-2,30015.0
160300,,,ASH_COATED_OSMIUM,XIRECS,10004.0,5,-2,50020.0
161600,,,ASH_COATED_OSMIUM,XIRECS,10005.0,2,-2,20010.0
173600,,,ASH_COATED_OSMIUM,XIRECS,9992.0,5,-2,49960.0
174200,,,ASH_COATED_OSMIUM,XIRECS,10007.0,3,-2,30021.0
175000,,,ASH_COATED_OSMIUM,XIRECS,9998.0,3,-2,29994.0
175400,,,ASH_COATED_OSMIUM,XIRECS,10011.0,4,-2,40044.0
179600,,,ASH_COATED_OSMIUM,XIRECS,10009.0,10,-2,100090.0
183600,,,ASH_COATED_OSMIUM,XIRECS,10010.0,10,-2,100100.0
184400,,,ASH_COATED_OSMIUM,XIRECS,10010.0,5,-2,50050.0
184800,,,ASH_COATED_OSMIUM,XIRECS,9993.0,2,-2,19986.0
186400,,,ASH_COATED_OSMIUM,XIRECS,9992.0,5,-2,49960.0
190100,,,ASH_COATED_OSMIUM,XIRECS,10009.0,3,-2,30027.0
190800,,,ASH_COATED_OSMIUM,XIRECS,9991.0,6,-2,59946.0
192800,,,ASH_COATED_OSMIUM,XIRECS,10006.0,5,-2,50030.0
194700,,,ASH_COATED_OSMIUM,XIRECS,9989.0,9,-2,89901.0
197100,,,ASH_COATED_OSMIUM,XIRECS,9987.0,3,-2,29961.0
200600,,,ASH_COATED_OSMIUM,XIRECS,10000.0,6,-2,60000.0
202700,,,ASH_COATED_OSMIUM,XIRECS,9987.0,2,-2,19974.0
203500,,,ASH_COATED_OSMIUM,XIRECS,9996.0,3,-2,29988.0
206500,,,ASH_COATED_OSMIUM,XIRECS,9985.0,3,-2,29955.0
207600,,,ASH_COATED_OSMIUM,XIRECS,10003.0,2,-2,20006.0
208500,,,ASH_COATED_OSMIUM,XIRECS,10003.0,9,-2,90027.0
211000,,,ASH_COATED_OSMIUM,XIRECS,9987.0,2,-2,19974.0
216000,,,ASH_COATED_OSMIUM,XIRECS,9990.0,6,-2,59940.0
216600,,,ASH_COATED_OSMIUM,XIRECS,10006.0,5,-2,50030.0
220300,,,ASH_COATED_OSMIUM,XIRECS,10000.0,2,-2,20000.0
221200,,,ASH_COATED_OSMIUM,XIRECS,9992.0,3,-2,29976.0
224200,,,ASH_COATED_OSMIUM,XIRECS,10009.0,4,-2,40036.0
225700,,,ASH_COATED_OSMIUM,XIRECS,10007.0,4,-2,40028.0
232000,,,ASH_COATED_OSMIUM,XIRECS,10006.0,4,-2,40024.0
232100,,,ASH_COATED_OSMIUM,XIRECS,9990.0,2,-2,19980.0
236400,,,ASH_COATED_OSMIUM,XIRECS,10006.0,9,-2,90054.0
236600,,,ASH_COATED_OSMIUM,XIRECS,9990.0,10,-2,99900.0
236800,,,ASH_COATED_OSMIUM,XIRECS,10006.0,2,-2,20012.0
242400,,,ASH_COATED_OSMIUM,XIRECS,10008.0,5,-2,50040.0
242600,,,ASH_COATED_OSMIUM,XIRECS,10005.0,4,-2,40020.0
244000,,,ASH_COATED_OSMIUM,XIRECS,10005.0,2,-2,20010.0
245900,,,ASH_COATED_OSMIUM,XIRECS,9990.0,3,-2,29970.0
249700,,,ASH_COATED_OSMIUM,XIRECS,9990.0,4,-2,39960.0
253000,,,ASH_COATED_OSMIUM,XIRECS,10007.0,2,-2,20014.0
254100,,,ASH_COATED_OSMIUM,XIRECS,10000.0,4,-2,40000.0
254400,,,ASH_COATED_OSMIUM,XIRECS,9995.0,2,-2,19990.0
255200,,,ASH_COATED_OSMIUM,XIRECS,9989.0,2,-2,19978.0
257500,,,ASH_COATED_OSMIUM,XIRECS,10004.0,5,-2,50020.0
260000,,,ASH_COATED_OSMIUM,XIRECS,10003.0,7,-2,70021.0
260800,,,ASH_COATED_OSMIUM,XIRECS,9987.0,3,-2,29961.0
261600,,,ASH_COATED_OSMIUM,XIRECS,10003.0,4,-2,40012.0
263500,,,ASH_COATED_OSMIUM,XIRECS,9986.0,3,-2,29958.0
269500,,,ASH_COATED_OSMIUM,XIRECS,10002.0,2,-2,20004.0
274300,,,ASH_COATED_OSMIUM,XIRECS,9985.0,5,-2,49925.0
281200,,,ASH_COATED_OSMIUM,XIRECS,9983.0,3,-2,29949.0
281300,,,ASH_COATED_OSMIUM,XIRECS,9983.0,4,-2,39932.0
281600,,,ASH_COATED_OSMIUM,XIRECS,10000.0,5,-2,50000.0
282600,,,ASH_COATED_OSMIUM,XIRECS,10002.0,6,-2,60012.0
285400,,,ASH_COATED_OSMIUM,XIRECS,9987.0,10,-2,99870.0
288300,,,ASH_COATED_OSMIUM,XIRECS,10001.0,7,-2,70007.0
289400,,,ASH_COATED_OSMIUM,XIRECS,9986.0,6,-2,59916.0
291200,,,ASH_COATED_OSMIUM,XIRECS,9986.0,7,-2,69902.0
292200,,,ASH_COATED_OSMIUM,XIRECS,9986.0,2,-2,19972.0
295400,,,ASH_COATED_OSMIUM,XIRECS,10001.0,6,-2,60006.0
297600,,,ASH_COATED_OSMIUM,XIRECS,10003.0,6,-2,60018.0
298600,,,ASH_COATED_OSMIUM,XIRECS,10006.0,2,-2,20012.0
300000,,,ASH_COATED_OSMIUM,XIRECS,10000.0,6,-2,60000.0
300900,,,ASH_COATED_OSMIUM,XIRECS,9982.0,10,-2,99820.0
302000,,,ASH_COATED_OSMIUM,XIRECS,9981.0,6,-2,59886.0
303700,,,ASH_COATED_OSMIUM,XIRECS,10000.0,5,-2,50000.0
304000,,,ASH_COATED_OSMIUM,XIRECS,10000.0,5,-2,50000.0
306100,,,ASH_COATED_OSMIUM,XIRECS,9985.0,9,-2,89865.0
306400,,,ASH_COATED_OSMIUM,XIRECS,10001.0,7,-2,70007.0
313700,,,ASH_COATED_OSMIUM,XIRECS,10000.0,4,-2,40000.0
314200,,,ASH_COATED_OSMIUM,XIRECS,10000.0,4,-2,40000.0
315300,,,ASH_COATED_OSMIUM,XIRECS,10000.0,6,-2,60000.0
316200,,,ASH_COATED_OSMIUM,XIRECS,9985.0,3,-2,29955.0
318800,,,ASH_COATED_OSMIUM,XIRECS,9986.0,7,-2,69902.0
321100,,,ASH_COATED_OSMIUM,XIRECS,10002.0,6,-2,60012.0
324600,,,ASH_COATED_OSMIUM,XIRECS,10002.0,6,-2,60012.0
330800,,,ASH_COATED_OSMIUM,XIRECS,9982.0,6,-2,59892.0
333400,,,ASH_COATED_OSMIUM,XIRECS,9983.0,10,-2,99830.0
333600,,,ASH_COATED_OSMIUM,XIRECS,9999.0,5,-2,49995.0
346700,,,ASH_COATED_OSMIUM,XIRECS,9979.0,3,-2,29937.0
349500,,,ASH_COATED_OSMIUM,XIRECS,9999.0,6,-2,59994.0
351800,,,ASH_COATED_OSMIUM,XIRECS,10003.0,4,-2,40012.0
354200,,,ASH_COATED_OSMIUM,XIRECS,9986.0,6,-2,59916.0
354700,,,ASH_COATED_OSMIUM,XIRECS,10003.0,4,-2,40012.0
355900,,,ASH_COATED_OSMIUM,XIRECS,10006.0,6,-2,60036.0
361700,,,ASH_COATED_OSMIUM,XIRECS,10005.0,2,-2,20010.0
364000,,,ASH_COATED_OSMIUM,XIRECS,10007.0,9,-2,90063.0
367100,,,ASH_COATED_OSMIUM,XIRECS,10007.0,5,-2,50035.0
368100,,,ASH_COATED_OSMIUM,XIRECS,10009.0,6,-2,60054.0
370400,,,ASH_COATED_OSMIUM,XIRECS,9993.0,6,-2,59958.0
370700,,,ASH_COATED_OSMIUM,XIRECS,9993.0,8,-2,79944.0
372600,,,ASH_COATED_OSMIUM,XIRECS,9990.0,6,-2,59940.0
377800,,,ASH_COATED_OSMIUM,XIRECS,10008.0,7,-2,70056.0
379600,,,ASH_COATED_OSMIUM,XIRECS,9994.0,2,-2,19988.0
385000,,,ASH_COATED_OSMIUM,XIRECS,10005.0,4,-2,40020.0
387100,,,ASH_COATED_OSMIUM,XIRECS,10010.0,3,-2,30030.0
387100,,,ASH_COATED_OSMIUM,XIRECS,9994.0,5,-2,49970.0
390000,,,ASH_COATED_OSMIUM,XIRECS,9995.0,5,-2,49975.0
391500,,,ASH_COATED_OSMIUM,XIRECS,9992.0,7,-2,69944.0
394100,,,ASH_COATED_OSMIUM,XIRECS,10013.0,7,-2,70091.0
395900,,,ASH_COATED_OSMIUM,XIRECS,9996.0,3,-2,29988.0
396400,,,ASH_COATED_OSMIUM,XIRECS,9996.0,8,-2,79968.0
399900,,,ASH_COATED_OSMIUM,XIRECS,9995.0,9,-2,89955.0
401400,,,ASH_COATED_OSMIUM,XIRECS,9995.0,6,-2,59970.0
402300,,,ASH_COATED_OSMIUM,XIRECS,10014.0,7,-2,70098.0
403200,,,ASH_COATED_OSMIUM,XIRECS,9999.0,5,-2,49995.0
404200,,,ASH_COATED_OSMIUM,XIRECS,10010.0,6,-2,60060.0
412200,,,ASH_COATED_OSMIUM,XIRECS,9997.0,2,-2,19994.0
414900,,,ASH_COATED_OSMIUM,XIRECS,9998.0,8,-2,79984.0
416800,,,ASH_COATED_OSMIUM,XIRECS,10018.0,9,-2,90162.0
417000,,,ASH_COATED_OSMIUM,XIRECS,10000.0,6,-2,60000.0
418000,,,ASH_COATED_OSMIUM,XIRECS,10018.0,6,-2,60108.0
436300,,,ASH_COATED_OSMIUM,XIRECS,9999.0,3,-2,29997.0
438600,,,ASH_COATED_OSMIUM,XIRECS,9995.0,6,-2,59970.0
439300,,,ASH_COATED_OSMIUM,XIRECS,9992.0,10,-2,99920.0
441100,,,ASH_COATED_OSMIUM,XIRECS,9994.0,7,-2,69958.0
444100,,,ASH_COATED_OSMIUM,XIRECS,10008.0,4,-2,40032.0
447000,,,ASH_COATED_OSMIUM,XIRECS,10009.0,9,-2,90081.0
449800,,,ASH_COATED_OSMIUM,XIRECS,9989.0,3,-2,29967.0
450700,,,ASH_COATED_OSMIUM,XIRECS,10007.0,6,-2,60042.0
452000,,,ASH_COATED_OSMIUM,XIRECS,10006.0,2,-2,20012.0
453900,,,ASH_COATED_OSMIUM,XIRECS,9992.0,2,-2,19984.0
454100,,,ASH_COATED_OSMIUM,XIRECS,10007.0,6,-2,60042.0
454200,,,ASH_COATED_OSMIUM,XIRECS,9997.0,3,-2,29991.0
454800,,,ASH_COATED_OSMIUM,XIRECS,9993.0,4,-2,39972.0
455100,,,ASH_COATED_OSMIUM,XIRECS,9993.0,7,-2,69951.0
455800,,,ASH_COATED_OSMIUM,XIRECS,9993.0,5,-2,49965.0
460600,,,ASH_COATED_OSMIUM,XIRECS,10010.0,6,-2,60060.0
462400,,,ASH_COATED_OSMIUM,XIRECS,10010.0,6,-2,60060.0
463200,,,ASH_COATED_OSMIUM,XIRECS,9993.0,3,-2,29979.0
469900,,,ASH_COATED_OSMIUM,XIRECS,9992.0,2,-2,19984.0
472500,,,ASH_COATED_OSMIUM,XIRECS,9994.0,5,-2,49970.0
473000,,,ASH_COATED_OSMIUM,XIRECS,10010.0,5,-2,50050.0
475900,,,ASH_COATED_OSMIUM,XIRECS,10009.0,5,-2,50045.0
479000,,,ASH_COATED_OSMIUM,XIRECS,9991.0,2,-2,19982.0
479500,,,ASH_COATED_OSMIUM,XIRECS,10010.0,4,-2,40040.0
481100,,,ASH_COATED_OSMIUM,XIRECS,9995.0,3,-2,29985.0
481400,,,ASH_COATED_OSMIUM,XIRECS,9994.0,6,-2,59964.0
483200,,,ASH_COATED_OSMIUM,XIRECS,10011.0,3,-2,30033.0
485200,,,ASH_COATED_OSMIUM,XIRECS,10012.0,4,-2,40048.0
486000,,,ASH_COATED_OSMIUM,XIRECS,9992.0,4,-2,39968.0
491100,,,ASH_COATED_OSMIUM,XIRECS,10003.0,2,-2,20006.0
493600,,,ASH_COATED_OSMIUM,XIRECS,9986.0,3,-2,29958.0
495400,,,ASH_COATED_OSMIUM,XIRECS,10005.0,3,-2,30015.0
496700,,,ASH_COATED_OSMIUM,XIRECS,9988.0,3,-2,29964.0
498400,,,ASH_COATED_OSMIUM,XIRECS,9985.0,4,-2,39940.0
499700,,,ASH_COATED_OSMIUM,XIRECS,10002.0,9,-2,90018.0
503300,,,ASH_COATED_OSMIUM,XIRECS,9983.0,3,-2,29949.0
504200,,,ASH_COATED_OSMIUM,XIRECS,9986.0,6,-2,59916.0
506600,,,ASH_COATED_OSMIUM,XIRECS,9984.0,7,-2,69888.0
512400,,,ASH_COATED_OSMIUM,XIRECS,10000.0,7,-2,70000.0
515100,,,ASH_COATED_OSMIUM,XIRECS,9984.0,6,-2,59904.0
515800,,,ASH_COATED_OSMIUM,XIRECS,9982.0,6,-2,59892.0
516500,,,ASH_COATED_OSMIUM,XIRECS,9997.0,3,-2,29991.0
517000,,,ASH_COATED_OSMIUM,XIRECS,9998.0,4,-2,39992.0
524900,,,ASH_COATED_OSMIUM,XIRECS,9986.0,3,-2,29958.0
525600,,,ASH_COATED_OSMIUM,XIRECS,9986.0,8,-2,79888.0
526400,,,ASH_COATED_OSMIUM,XIRECS,10006.0,4,-2,40024.0
526900,,,ASH_COATED_OSMIUM,XIRECS,9986.0,6,-2,59916.0
528200,,,ASH_COATED_OSMIUM,XIRECS,9986.0,4,-2,39944.0
528400,,,ASH_COATED_OSMIUM,XIRECS,10002.0,6,-2,60012.0
529500,,,ASH_COATED_OSMIUM,XIRECS,9987.0,9,-2,89883.0
530500,,,ASH_COATED_OSMIUM,XIRECS,10003.0,4,-2,40012.0
531300,,,ASH_COATED_OSMIUM,XIRECS,9987.0,6,-2,59922.0
532800,,,ASH_COATED_OSMIUM,XIRECS,9992.0,2,-2,19984.0
532900,,,ASH_COATED_OSMIUM,XIRECS,10002.0,4,-2,40008.0
534200,,,ASH_COATED_OSMIUM,XIRECS,9986.0,6,-2,59916.0
537900,,,ASH_COATED_OSMIUM,XIRECS,9985.0,10,-2,99850.0
539300,,,ASH_COATED_OSMIUM,XIRECS,10003.0,8,-2,80024.0
543700,,,ASH_COATED_OSMIUM,XIRECS,9984.0,6,-2,59904.0
543700,,,ASH_COATED_OSMIUM,XIRECS,9984.0,6,-2,59904.0
543900,,,ASH_COATED_OSMIUM,XIRECS,9984.0,2,-2,19968.0
545500,,,ASH_COATED_OSMIUM,XIRECS,9992.0,3,-2,29976.0
546300,,,ASH_COATED_OSMIUM,XIRECS,10001.0,3,-2,30003.0
547500,,,ASH_COATED_OSMIUM,XIRECS,9982.0,8,-2,79856.0
548400,,,ASH_COATED_OSMIUM,XIRECS,9979.0,9,-2,89811.0
549600,,,ASH_COATED_OSMIUM,XIRECS,9998.0,5,-2,49990.0
551300,,,ASH_COATED_OSMIUM,XIRECS,9984.0,5,-2,49920.0
554800,,,ASH_COATED_OSMIUM,XIRECS,9998.0,2,-2,19996.0
556700,,,ASH_COATED_OSMIUM,XIRECS,9984.0,6,-2,59904.0
557600,,,ASH_COATED_OSMIUM,XIRECS,9999.0,4,-2,39996.0
565000,,,ASH_COATED_OSMIUM,XIRECS,9999.0,4,-2,39996.0
566200,,,ASH_COATED_OSMIUM,XIRECS,9983.0,10,-2,99830.0
567300,,,ASH_COATED_OSMIUM,XIRECS,10001.0,8,-2,80008.0
571800,,,ASH_COATED_OSMIUM,XIRECS,9986.0,3,-2,29958.0
573700,,,ASH_COATED_OSMIUM,XIRECS,9988.0,10,-2,99880.0
573900,,,ASH_COATED_OSMIUM,XIRECS,10007.0,5,-2,50035.0
574500,,,ASH_COATED_OSMIUM,XIRECS,10007.0,6,-2,60042.0
578700,,,ASH_COATED_OSMIUM,XIRECS,9993.0,4,-2,39972.0
583300,,,ASH_COATED_OSMIUM,XIRECS,9987.0,6,-2,59922.0
587000,,,ASH_COATED_OSMIUM,XIRECS,9999.0,6,-2,59994.0
599500,,,ASH_COATED_OSMIUM,XIRECS,9996.0,3,-2,29988.0
606100,,,ASH_COATED_OSMIUM,XIRECS,9983.0,4,-2,39932.0
609300,,,ASH_COATED_OSMIUM,XIRECS,9983.0,6,-2,59898.0
610500,,,ASH_COATED_OSMIUM,XIRECS,9996.0,4,-2,39984.0
611500,,,ASH_COATED_OSMIUM,XIRECS,9986.0,8,-2,79888.0
612200,,,ASH_COATED_OSMIUM,XIRECS,10004.0,3,-2,30012.0
623800,,,ASH_COATED_OSMIUM,XIRECS,10003.0,5,-2,50015.0
624100,,,ASH_COATED_OSMIUM,XIRECS,9987.0,4,-2,39948.0
624700,,,ASH_COATED_OSMIUM,XIRECS,10004.0,4,-2,40016.0
635000,,,ASH_COATED_OSMIUM,XIRECS,10007.0,9,-2,90063.0
637400,,,ASH_COATED_OSMIUM,XIRECS,9989.0,2,-2,19978.0
638000,,,ASH_COATED_OSMIUM,XIRECS,9987.0,8,-2,79896.0
642800,,,ASH_COATED_OSMIUM,XIRECS,9988.0,6,-2,59928.0
644300,,,ASH_COATED_OSMIUM,XIRECS,10004.0,2,-2,20008.0
645800,,,ASH_COATED_OSMIUM,XIRECS,10005.0,10,-2,100050.0
648100,,,ASH_COATED_OSMIUM,XIRECS,10006.0,3,-2,30018.0
648300,,,ASH_COATED_OSMIUM,XIRECS,9988.0,10,-2,99880.0
648800,,,ASH_COATED_OSMIUM,XIRECS,10005.0,5,-2,50025.0
649200,,,ASH_COATED_OSMIUM,XIRECS,10005.0,4,-2,40020.0
653100,,,ASH_COATED_OSMIUM,XIRECS,10004.0,4,-2,40016.0
656500,,,ASH_COATED_OSMIUM,XIRECS,9990.0,9,-2,89910.0
657300,,,ASH_COATED_OSMIUM,XIRECS,9996.0,3,-2,29988.0
658600,,,ASH_COATED_OSMIUM,XIRECS,10006.0,2,-2,20012.0
659500,,,ASH_COATED_OSMIUM,XIRECS,9988.0,6,-2,59928.0
659700,,,ASH_COATED_OSMIUM,XIRECS,10007.0,5,-2,50035.0
660600,,,ASH_COATED_OSMIUM,XIRECS,10006.0,2,-2,20012.0
662300,,,ASH_COATED_OSMIUM,XIRECS,10005.0,3,-2,30015.0
664800,,,ASH_COATED_OSMIUM,XIRECS,9988.0,4,-2,39952.0
669700,,,ASH_COATED_OSMIUM,XIRECS,10005.0,10,-2,100050.0
671900,,,ASH_COATED_OSMIUM,XIRECS,9984.0,3,-2,29952.0
674700,,,ASH_COATED_OSMIUM,XIRECS,10003.0,5,-2,50015.0
679200,,,ASH_COATED_OSMIUM,XIRECS,9985.0,7,-2,69895.0
680000,,,ASH_COATED_OSMIUM,XIRECS,10004.0,6,-2,60024.0
687000,,,ASH_COATED_OSMIUM,XIRECS,10005.0,8,-2,80040.0
687900,,,ASH_COATED_OSMIUM,XIRECS,9990.0,4,-2,39960.0
694200,,,ASH_COATED_OSMIUM,XIRECS,9992.0,3,-2,29976.0
698100,,,ASH_COATED_OSMIUM,XIRECS,9991.0,2,-2,19982.0
699900,,,ASH_COATED_OSMIUM,XIRECS,9991.0,9,-2,89919.0
700600,,,ASH_COATED_OSMIUM,XIRECS,9991.0,3,-2,29973.0
706600,,,ASH_COATED_OSMIUM,XIRECS,10011.0,9,-2,90099.0
710100,,,ASH_COATED_OSMIUM,XIRECS,9992.0,3,-2,29976.0
710500,,,ASH_COATED_OSMIUM,XIRECS,10008.0,6,-2,60048.0
712400,,,ASH_COATED_OSMIUM,XIRECS,9991.0,5,-2,49955.0
713700,,,ASH_COATED_OSMIUM,XIRECS,9990.0,4,-2,39960.0
714000,,,ASH_COATED_OSMIUM,XIRECS,10004.0,7,-2,70028.0
715000,,,ASH_COATED_OSMIUM,XIRECS,9989.0,5,-2,49945.0
715700,,,ASH_COATED_OSMIUM,XIRECS,9998.0,3,-2,29994.0
721600,,,ASH_COATED_OSMIUM,XIRECS,10006.0,5,-2,50030.0
722300,,,ASH_COATED_OSMIUM,XIRECS,9990.0,5,-2,49950.0
722800,,,ASH_COATED_OSMIUM,XIRECS,10009.0,2,-2,20018.0
723600,,,ASH_COATED_OSMIUM,XIRECS,9991.0,6,-2,59946.0
729700,,,ASH_COATED_OSMIUM,XIRECS,10008.0,4,-2,40032.0
731100,,,ASH_COATED_OSMIUM,XIRECS,9988.0,3,-2,29964.0
735400,,,ASH_COATED_OSMIUM,XIRECS,9989.0,6,-2,59934.0
745600,,,ASH_COATED_OSMIUM,XIRECS,10006.0,2,-2,20012.0
750000,,,ASH_COATED_OSMIUM,XIRECS,9988.0,9,-2,89892.0
752600,,,ASH_COATED_OSMIUM,XIRECS,10003.0,6,-2,60018.0
752900,,,ASH_COATED_OSMIUM,XIRECS,9988.0,3,-2,29964.0
753100,,,ASH_COATED_OSMIUM,XIRECS,10005.0,7,-2,70035.0
753400,,,ASH_COATED_OSMIUM,XIRECS,10004.0,2,-2,20008.0
756700,,,ASH_COATED_OSMIUM,XIRECS,10004.0,6,-2,60024.0
756700,,,ASH_COATED_OSMIUM,XIRECS,10004.0,7,-2,70028.0
759200,,,ASH_COATED_OSMIUM,XIRECS,10005.0,2,-2,20010.0
759300,,,ASH_COATED_OSMIUM,XIRECS,9989.0,5,-2,49945.0
760600,,,ASH_COATED_OSMIUM,XIRECS,10005.0,5,-2,50025.0
762200,,,ASH_COATED_OSMIUM,XIRECS,10005.0,2,-2,20010.0
763400,,,ASH_COATED_OSMIUM,XIRECS,9989.0,2,-2,19978.0
764800,,,ASH_COATED_OSMIUM,XIRECS,9988.0,8,-2,79904.0
765200,,,ASH_COATED_OSMIUM,XIRECS,10003.0,5,-2,50015.0
768500,,,ASH_COATED_OSMIUM,XIRECS,10004.0,9,-2,90036.0
773100,,,ASH_COATED_OSMIUM,XIRECS,10005.0,6,-2,60030.0
774200,,,ASH_COATED_OSMIUM,XIRECS,9990.0,4,-2,39960.0
775300,,,ASH_COATED_OSMIUM,XIRECS,10005.0,5,-2,50025.0
776400,,,ASH_COATED_OSMIUM,XIRECS,9990.0,2,-2,19980.0
776700,,,ASH_COATED_OSMIUM,XIRECS,9989.0,6,-2,59934.0
777000,,,ASH_COATED_OSMIUM,XIRECS,10008.0,6,-2,60048.0
778400,,,ASH_COATED_OSMIUM,XIRECS,9995.0,5,-2,49975.0
786600,,,ASH_COATED_OSMIUM,XIRECS,9989.0,2,-2,19978.0
788400,,,ASH_COATED_OSMIUM,XIRECS,10003.0,5,-2,50015.0
790200,,,ASH_COATED_OSMIUM,XIRECS,9988.0,3,-2,29964.0
791700,,,ASH_COATED_OSMIUM,XIRECS,9987.0,2,-2,19974.0
792800,,,ASH_COATED_OSMIUM,XIRECS,10005.0,7,-2,70035.0
795100,,,ASH_COATED_OSMIUM,XIRECS,9987.0,3,-2,29961.0
796500,,,ASH_COATED_OSMIUM,XIRECS,9986.0,4,-2,39944.0
799600,,,ASH_COATED_OSMIUM,XIRECS,10006.0,7,-2,70042.0
800100,,,ASH_COATED_OSMIUM,XIRECS,9988.0,3,-2,29964.0
801800,,,ASH_COATED_OSMIUM,XIRECS,9987.0,2,-2,19974.0
803900,,,ASH_COATED_OSMIUM,XIRECS,9986.0,2,-2,19972.0
804900,,,ASH_COATED_OSMIUM,XIRECS,10003.0,5,-2,50015.0
808400,,,ASH_COATED_OSMIUM,XIRECS,10001.0,8,-2,80008.0
809500,,,ASH_COATED_OSMIUM,XIRECS,9999.0,3,-2,29997.0
814300,,,ASH_COATED_OSMIUM,XIRECS,10002.0,3,-2,30006.0
817900,,,ASH_COATED_OSMIUM,XIRECS,9988.0,10,-2,99880.0
821000,,,ASH_COATED_OSMIUM,XIRECS,9998.0,4,-2,39992.0
822700,,,ASH_COATED_OSMIUM,XIRECS,10005.0,7,-2,70035.0
830100,,,ASH_COATED_OSMIUM,XIRECS,9990.0,5,-2,49950.0
830500,,,ASH_COATED_OSMIUM,XIRECS,10009.0,6,-2,60054.0
830700,,,ASH_COATED_OSMIUM,XIRECS,9991.0,9,-2,89919.0
831800,,,ASH_COATED_OSMIUM,XIRECS,10011.0,2,-2,20022.0
832300,,,ASH_COATED_OSMIUM,XIRECS,10010.0,4,-2,40040.0
833300,,,ASH_COATED_OSMIUM,XIRECS,9996.0,8,-2,79968.0
834300,,,ASH_COATED_OSMIUM,XIRECS,10011.0,5,-2,50055.0
835200,,,ASH_COATED_OSMIUM,XIRECS,10011.0,2,-2,20022.0
836900,,,ASH_COATED_OSMIUM,XIRECS,9995.0,5,-2,49975.0
837000,,,ASH_COATED_OSMIUM,XIRECS,10014.0,4,-2,40056.0
840000,,,ASH_COATED_OSMIUM,XIRECS,10010.0,5,-2,50050.0
841100,,,ASH_COATED_OSMIUM,XIRECS,9995.0,5,-2,49975.0
842200,,,ASH_COATED_OSMIUM,XIRECS,9996.0,5,-2,49980.0
846300,,,ASH_COATED_OSMIUM,XIRECS,10011.0,5,-2,50055.0
850000,,,ASH_COATED_OSMIUM,XIRECS,9996.0,10,-2,99960.0
850600,,,ASH_COATED_OSMIUM,XIRECS,9992.0,3,-2,29976.0
851200,,,ASH_COATED_OSMIUM,XIRECS,10011.0,6,-2,60066.0
853400,,,ASH_COATED_OSMIUM,XIRECS,9993.0,4,-2,39972.0
858400,,,ASH_COATED_OSMIUM,XIRECS,9993.0,5,-2,49965.0
858600,,,ASH_COATED_OSMIUM,XIRECS,9993.0,5,-2,49965.0
858600,,,ASH_COATED_OSMIUM,XIRECS,9993.0,5,-2,49965.0
867300,,,ASH_COATED_OSMIUM,XIRECS,9997.0,8,-2,79976.0
874800,,,ASH_COATED_OSMIUM,XIRECS,10013.0,2,-2,20026.0
876400,,,ASH_COATED_OSMIUM,XIRECS,10013.0,2,-2,20026.0
878100,,,ASH_COATED_OSMIUM,XIRECS,10012.0,4,-2,40048.0
891300,,,ASH_COATED_OSMIUM,XIRECS,10008.0,10,-2,100080.0
892800,,,ASH_COATED_OSMIUM,XIRECS,10008.0,5,-2,50040.0
895700,,,ASH_COATED_OSMIUM,XIRECS,10010.0,4,-2,40040.0
898400,,,ASH_COATED_OSMIUM,XIRECS,9995.0,9,-2,89955.0
901700,,,ASH_COATED_OSMIUM,XIRECS,9993.0,3,-2,29979.0
902500,,,ASH_COATED_OSMIUM,XIRECS,9994.0,4,-2,39976.0
902700,,,ASH_COATED_OSMIUM,XIRECS,9995.0,3,-2,29985.0
903500,,,ASH_COATED_OSMIUM,XIRECS,9994.0,5,-2,49970.0
905800,,,ASH_COATED_OSMIUM,XIRECS,9995.0,2,-2,19990.0
906100,,,ASH_COATED_OSMIUM,XIRECS,10010.0,6,-2,60060.0
910600,,,ASH_COATED_OSMIUM,XIRECS,9994.0,7,-2,69958.0
914300,,,ASH_COATED_OSMIUM,XIRECS,9993.0,4,-2,39972.0
917400,,,ASH_COATED_OSMIUM,XIRECS,9994.0,5,-2,49970.0
923300,,,ASH_COATED_OSMIUM,XIRECS,10006.0,3,-2,30018.0
924600,,,ASH_COATED_OSMIUM,XIRECS,9996.0,3,-2,29988.0
931300,,,ASH_COATED_OSMIUM,XIRECS,10013.0,8,-2,80104.0
932500,,,ASH_COATED_OSMIUM,XIRECS,9995.0,8,-2,79960.0
933500,,,ASH_COATED_OSMIUM,XIRECS,10013.0,9,-2,90117.0
933700,,,ASH_COATED_OSMIUM,XIRECS,10012.0,6,-2,60072.0
936100,,,ASH_COATED_OSMIUM,XIRECS,9995.0,4,-2,39980.0
940100,,,ASH_COATED_OSMIUM,XIRECS,9999.0,10,-2,99990.0
940600,,,ASH_COATED_OSMIUM,XIRECS,9999.0,6,-2,59994.0
943100,,,ASH_COATED_OSMIUM,XIRECS,9999.0,6,-2,59994.0
943600,,,ASH_COATED_OSMIUM,XIRECS,10004.0,2,-2,20008.0
943900,,,ASH_COATED_OSMIUM,XIRECS,9998.0,5,-2,49990.0
946000,,,ASH_COATED_OSMIUM,XIRECS,9998.0,5,-2,49990.0
951300,,,ASH_COATED_OSMIUM,XIRECS,9995.0,6,-2,59970.0
956100,,,ASH_COATED_OSMIUM,XIRECS,10010.0,6,-2,60060.0
957400,,,ASH_COATED_OSMIUM,XIRECS,10006.0,4,-2,40024.0
959400,,,ASH_COATED_OSMIUM,XIRECS,10006.0,4,-2,40024.0
960200,,,ASH_COATED_OSMIUM,XIRECS,9989.0,6,-2,59934.0
963200,,,ASH_COATED_OSMIUM,XIRECS,10005.0,6,-2,60030.0
964800,,,ASH_COATED_OSMIUM,XIRECS,10006.0,6,-2,60036.0
966000,,,ASH_COATED_OSMIUM,XIRECS,9987.0,6,-2,59922.0
967000,,,ASH_COATED_OSMIUM,XIRECS,10004.0,8,-2,80032.0
973400,,,ASH_COATED_OSMIUM,XIRECS,9986.0,8,-2,79888.0
973700,,,ASH_COATED_OSMIUM,XIRECS,10002.0,2,-2,20004.0
974900,,,ASH_COATED_OSMIUM,XIRECS,9986.0,6,-2,59916.0
976500,,,ASH_COATED_OSMIUM,XIRECS,9985.0,6,-2,59910.0
977100,,,ASH_COATED_OSMIUM,XIRECS,10001.0,7,-2,70007.0
980800,,,ASH_COATED_OSMIUM,XIRECS,10000.0,3,-2,30000.0
988000,,,ASH_COATED_OSMIUM,XIRECS,9981.0,4,-2,39924.0
992000,,,ASH_COATED_OSMIUM,XIRECS,9983.0,4,-2,39932.0
994200,,,ASH_COATED_OSMIUM,XIRECS,10002.0,2,-2,20004.0
995300,,,ASH_COATED_OSMIUM,XIRECS,10001.0,6,-2,60006.0
1000,,,INTARIAN_PEPPER_ROOT,XIRECS,9995.0,7,-2,69965.0
4000,,,INTARIAN_PEPPER_ROOT,XIRECS,10007.0,7,-2,70049.0
10500,,,INTARIAN_PEPPER_ROOT,XIRECS,10013.0,5,-2,50065.0
12600,,,INTARIAN_PEPPER_ROOT,XIRECS,10018.0,3,-2,30054.0
15000,,,INTARIAN_PEPPER_ROOT,XIRECS,10021.0,7,-2,70147.0
15600,,,INTARIAN_PEPPER_ROOT,XIRECS,10021.0,3,-2,30063.0
20200,,,INTARIAN_PEPPER_ROOT,XIRECS,10026.0,6,-2,60156.0
21500,,,INTARIAN_PEPPER_ROOT,XIRECS,10027.0,4,-2,40108.0
22600,,,INTARIAN_PEPPER_ROOT,XIRECS,10019.0,3,-2,30057.0
22600,,,INTARIAN_PEPPER_ROOT,XIRECS,10019.0,4,-2,40076.0
28200,,,INTARIAN_PEPPER_ROOT,XIRECS,10034.0,6,-2,60204.0
29300,,,INTARIAN_PEPPER_ROOT,XIRECS,10021.0,6,-2,60126.0
29400,,,INTARIAN_PEPPER_ROOT,XIRECS,10035.0,7,-2,70245.0
32800,,,INTARIAN_PEPPER_ROOT,XIRECS,10038.0,3,-2,30114.0
35200,,,INTARIAN_PEPPER_ROOT,XIRECS,10032.0,5,-2,50160.0
37900,,,INTARIAN_PEPPER_ROOT,XIRECS,10040.0,4,-2,40160.0
38600,,,INTARIAN_PEPPER_ROOT,XIRECS,10033.0,6,-2,60198.0
42500,,,INTARIAN_PEPPER_ROOT,XIRECS,10037.0,3,-2,30111.0
45900,,,INTARIAN_PEPPER_ROOT,XIRECS,10038.0,6,-2,60228.0
46400,,,INTARIAN_PEPPER_ROOT,XIRECS,10049.0,4,-2,40196.0
52900,,,INTARIAN_PEPPER_ROOT,XIRECS,10049.0,6,-2,60294.0
53000,,,INTARIAN_PEPPER_ROOT,XIRECS,10049.0,6,-2,60294.0
53800,,,INTARIAN_PEPPER_ROOT,XIRECS,10048.0,4,-2,40192.0
55300,,,INTARIAN_PEPPER_ROOT,XIRECS,10052.0,7,-2,70364.0
57200,,,INTARIAN_PEPPER_ROOT,XIRECS,10060.0,8,-2,80480.0
60900,,,INTARIAN_PEPPER_ROOT,XIRECS,10066.0,6,-2,60396.0
61700,,,INTARIAN_PEPPER_ROOT,XIRECS,10064.0,5,-2,50320.0
64800,,,INTARIAN_PEPPER_ROOT,XIRECS,10059.0,7,-2,70413.0
72400,,,INTARIAN_PEPPER_ROOT,XIRECS,10067.0,5,-2,50335.0
73400,,,INTARIAN_PEPPER_ROOT,XIRECS,10079.0,3,-2,30237.0
86600,,,INTARIAN_PEPPER_ROOT,XIRECS,10083.0,3,-2,30249.0
88100,,,INTARIAN_PEPPER_ROOT,XIRECS,10094.0,6,-2,60564.0
89000,,,INTARIAN_PEPPER_ROOT,XIRECS,10095.0,6,-2,60570.0
91200,,,INTARIAN_PEPPER_ROOT,XIRECS,10086.0,5,-2,50430.0
91900,,,INTARIAN_PEPPER_ROOT,XIRECS,10084.0,7,-2,70588.0
98600,,,INTARIAN_PEPPER_ROOT,XIRECS,10101.0,3,-2,30303.0
102000,,,INTARIAN_PEPPER_ROOT,XIRECS,10096.0,7,-2,70672.0
108200,,,INTARIAN_PEPPER_ROOT,XIRECS,10114.0,6,-2,60684.0
114500,,,INTARIAN_PEPPER_ROOT,XIRECS,10120.0,4,-2,40480.0
117700,,,INTARIAN_PEPPER_ROOT,XIRECS,10114.0,8,-2,80912.0
123300,,,INTARIAN_PEPPER_ROOT,XIRECS,10129.0,4,-2,40516.0
129400,,,INTARIAN_PEPPER_ROOT,XIRECS,10132.0,5,-2,50660.0
130000,,,INTARIAN_PEPPER_ROOT,XIRECS,10124.0,4,-2,40496.0
131400,,,INTARIAN_PEPPER_ROOT,XIRECS,10139.0,5,-2,50695.0
134600,,,INTARIAN_PEPPER_ROOT,XIRECS,10129.0,5,-2,50645.0
136200,,,INTARIAN_PEPPER_ROOT,XIRECS,10139.0,7,-2,70973.0
141800,,,INTARIAN_PEPPER_ROOT,XIRECS,10136.0,5,-2,50680.0
144100,,,INTARIAN_PEPPER_ROOT,XIRECS,10136.0,3,-2,30408.0
148600,,,INTARIAN_PEPPER_ROOT,XIRECS,10154.0,7,-2,71078.0
149300,,,INTARIAN_PEPPER_ROOT,XIRECS,10144.0,3,-2,30432.0
155500,,,INTARIAN_PEPPER_ROOT,XIRECS,10152.0,4,-2,40608.0
156300,,,INTARIAN_PEPPER_ROOT,XIRECS,10151.0,3,-2,30453.0
156800,,,INTARIAN_PEPPER_ROOT,XIRECS,10159.0,3,-2,30477.0
159700,,,INTARIAN_PEPPER_ROOT,XIRECS,10156.0,7,-2,71092.0
165400,,,INTARIAN_PEPPER_ROOT,XIRECS,10171.0,4,-2,40684.0
169300,,,INTARIAN_PEPPER_ROOT,XIRECS,10164.0,3,-2,30492.0
175000,,,INTARIAN_PEPPER_ROOT,XIRECS,10181.0,3,-2,30543.0
178600,,,INTARIAN_PEPPER_ROOT,XIRECS,10175.0,4,-2,40700.0
184500,,,INTARIAN_PEPPER_ROOT,XIRECS,10190.0,7,-2,71330.0
184900,,,INTARIAN_PEPPER_ROOT,XIRECS,10177.0,3,-2,30531.0
185600,,,INTARIAN_PEPPER_ROOT,XIRECS,10191.0,5,-2,50955.0
189700,,,INTARIAN_PEPPER_ROOT,XIRECS,10192.0,6,-2,61152.0
190200,,,INTARIAN_PEPPER_ROOT,XIRECS,10196.0,3,-2,30588.0
193900,,,INTARIAN_PEPPER_ROOT,XIRECS,10199.0,6,-2,61194.0
202400,,,INTARIAN_PEPPER_ROOT,XIRECS,10197.0,6,-2,61182.0
203300,,,INTARIAN_PEPPER_ROOT,XIRECS,10198.0,6,-2,61188.0
205000,,,INTARIAN_PEPPER_ROOT,XIRECS,10208.0,7,-2,71456.0
206100,,,INTARIAN_PEPPER_ROOT,XIRECS,10203.0,6,-2,61218.0
206400,,,INTARIAN_PEPPER_ROOT,XIRECS,10203.0,4,-2,40812.0
207300,,,INTARIAN_PEPPER_ROOT,XIRECS,10202.0,5,-2,51010.0
208200,,,INTARIAN_PEPPER_ROOT,XIRECS,10203.0,7,-2,71421.0
208700,,,INTARIAN_PEPPER_ROOT,XIRECS,10203.0,4,-2,40812.0
210300,,,INTARIAN_PEPPER_ROOT,XIRECS,10216.0,5,-2,51080.0
212300,,,INTARIAN_PEPPER_ROOT,XIRECS,10218.0,6,-2,61308.0
218400,,,INTARIAN_PEPPER_ROOT,XIRECS,10213.0,7,-2,71491.0
219700,,,INTARIAN_PEPPER_ROOT,XIRECS,10225.0,3,-2,30675.0
219900,,,INTARIAN_PEPPER_ROOT,XIRECS,10214.0,3,-2,30642.0
221200,,,INTARIAN_PEPPER_ROOT,XIRECS,10218.0,8,-2,81744.0
221600,,,INTARIAN_PEPPER_ROOT,XIRECS,10227.0,6,-2,61362.0
225400,,,INTARIAN_PEPPER_ROOT,XIRECS,10228.0,3,-2,30684.0
226400,,,INTARIAN_PEPPER_ROOT,XIRECS,10232.0,5,-2,51160.0
231300,,,INTARIAN_PEPPER_ROOT,XIRECS,10234.0,7,-2,71638.0
231500,,,INTARIAN_PEPPER_ROOT,XIRECS,10226.0,5,-2,51130.0
231600,,,INTARIAN_PEPPER_ROOT,XIRECS,10237.0,4,-2,40948.0
234600,,,INTARIAN_PEPPER_ROOT,XIRECS,10229.0,5,-2,51145.0
235900,,,INTARIAN_PEPPER_ROOT,XIRECS,10244.0,6,-2,61464.0
241600,,,INTARIAN_PEPPER_ROOT,XIRECS,10247.0,7,-2,71729.0
243300,,,INTARIAN_PEPPER_ROOT,XIRECS,10246.0,4,-2,40984.0
246100,,,INTARIAN_PEPPER_ROOT,XIRECS,10240.0,5,-2,51200.0
248400,,,INTARIAN_PEPPER_ROOT,XIRECS,10257.0,7,-2,71799.0
250000,,,INTARIAN_PEPPER_ROOT,XIRECS,10244.0,5,-2,51220.0
250900,,,INTARIAN_PEPPER_ROOT,XIRECS,10257.0,7,-2,71799.0
253000,,,INTARIAN_PEPPER_ROOT,XIRECS,10249.0,4,-2,40996.0
262700,,,INTARIAN_PEPPER_ROOT,XIRECS,10265.0,3,-2,30795.0
264000,,,INTARIAN_PEPPER_ROOT,XIRECS,10260.0,6,-2,61560.0
265700,,,INTARIAN_PEPPER_ROOT,XIRECS,10274.0,4,-2,41096.0
268700,,,INTARIAN_PEPPER_ROOT,XIRECS,10265.0,5,-2,51325.0
275500,,,INTARIAN_PEPPER_ROOT,XIRECS,10270.0,6,-2,61620.0
282300,,,INTARIAN_PEPPER_ROOT,XIRECS,10277.0,5,-2,51385.0
283000,,,INTARIAN_PEPPER_ROOT,XIRECS,10289.0,5,-2,51445.0
286200,,,INTARIAN_PEPPER_ROOT,XIRECS,10292.0,4,-2,41168.0
288800,,,INTARIAN_PEPPER_ROOT,XIRECS,10283.0,5,-2,51415.0
289000,,,INTARIAN_PEPPER_ROOT,XIRECS,10292.0,5,-2,51460.0
292300,,,INTARIAN_PEPPER_ROOT,XIRECS,10298.0,7,-2,72086.0
295100,,,INTARIAN_PEPPER_ROOT,XIRECS,10292.0,7,-2,72044.0
298900,,,INTARIAN_PEPPER_ROOT,XIRECS,10291.0,3,-2,30873.0
301900,,,INTARIAN_PEPPER_ROOT,XIRECS,10310.0,7,-2,72170.0
311700,,,INTARIAN_PEPPER_ROOT,XIRECS,10317.0,7,-2,72219.0
313600,,,INTARIAN_PEPPER_ROOT,XIRECS,10310.0,4,-2,41240.0
314500,,,INTARIAN_PEPPER_ROOT,XIRECS,10309.0,5,-2,51545.0
314800,,,INTARIAN_PEPPER_ROOT,XIRECS,10311.0,4,-2,41244.0
321000,,,INTARIAN_PEPPER_ROOT,XIRECS,10317.0,6,-2,61902.0
324800,,,INTARIAN_PEPPER_ROOT,XIRECS,10319.0,4,-2,41276.0
326300,,,INTARIAN_PEPPER_ROOT,XIRECS,10321.0,7,-2,72247.0
329100,,,INTARIAN_PEPPER_ROOT,XIRECS,10332.0,6,-2,61992.0
334500,,,INTARIAN_PEPPER_ROOT,XIRECS,10331.0,5,-2,51655.0
336400,,,INTARIAN_PEPPER_ROOT,XIRECS,10342.0,5,-2,51710.0
340200,,,INTARIAN_PEPPER_ROOT,XIRECS,10348.0,3,-2,31044.0
342200,,,INTARIAN_PEPPER_ROOT,XIRECS,10350.0,7,-2,72450.0
344500,,,INTARIAN_PEPPER_ROOT,XIRECS,10339.0,7,-2,72373.0
344500,,,INTARIAN_PEPPER_ROOT,XIRECS,10341.0,8,-2,82728.0
345500,,,INTARIAN_PEPPER_ROOT,XIRECS,10340.0,6,-2,62040.0
346700,,,INTARIAN_PEPPER_ROOT,XIRECS,10338.0,3,-2,31014.0
347100,,,INTARIAN_PEPPER_ROOT,XIRECS,10355.0,7,-2,72485.0
348000,,,INTARIAN_PEPPER_ROOT,XIRECS,10351.0,4,-2,41404.0
349500,,,INTARIAN_PEPPER_ROOT,XIRECS,10344.0,7,-2,72408.0
350200,,,INTARIAN_PEPPER_ROOT,XIRECS,10356.0,5,-2,51780.0
352000,,,INTARIAN_PEPPER_ROOT,XIRECS,10355.0,8,-2,82840.0
357200,,,INTARIAN_PEPPER_ROOT,XIRECS,10352.0,6,-2,62112.0
358100,,,INTARIAN_PEPPER_ROOT,XIRECS,10360.0,7,-2,72520.0
362100,,,INTARIAN_PEPPER_ROOT,XIRECS,10356.0,6,-2,62136.0
363400,,,INTARIAN_PEPPER_ROOT,XIRECS,10358.0,5,-2,51790.0
372700,,,INTARIAN_PEPPER_ROOT,XIRECS,10364.0,3,-2,31092.0
377700,,,INTARIAN_PEPPER_ROOT,XIRECS,10383.0,6,-2,62298.0
382000,,,INTARIAN_PEPPER_ROOT,XIRECS,10388.0,5,-2,51940.0
383600,,,INTARIAN_PEPPER_ROOT,XIRECS,10380.0,3,-2,31140.0
387800,,,INTARIAN_PEPPER_ROOT,XIRECS,10393.0,5,-2,51965.0
388800,,,INTARIAN_PEPPER_ROOT,XIRECS,10383.0,3,-2,31149.0
394900,,,INTARIAN_PEPPER_ROOT,XIRECS,10387.0,7,-2,72709.0
395400,,,INTARIAN_PEPPER_ROOT,XIRECS,10398.0,7,-2,72786.0
396000,,,INTARIAN_PEPPER_ROOT,XIRECS,10390.0,4,-2,41560.0
402600,,,INTARIAN_PEPPER_ROOT,XIRECS,10394.0,3,-2,31182.0
402900,,,INTARIAN_PEPPER_ROOT,XIRECS,10397.0,7,-2,72779.0
403700,,,INTARIAN_PEPPER_ROOT,XIRECS,10395.0,5,-2,51975.0
407200,,,INTARIAN_PEPPER_ROOT,XIRECS,10404.0,7,-2,72828.0
407500,,,INTARIAN_PEPPER_ROOT,XIRECS,10413.0,5,-2,52065.0
410900,,,INTARIAN_PEPPER_ROOT,XIRECS,10417.0,3,-2,31251.0
413000,,,INTARIAN_PEPPER_ROOT,XIRECS,10416.0,3,-2,31248.0
419500,,,INTARIAN_PEPPER_ROOT,XIRECS,10425.0,6,-2,62550.0
430400,,,INTARIAN_PEPPER_ROOT,XIRECS,10422.0,5,-2,52110.0
433200,,,INTARIAN_PEPPER_ROOT,XIRECS,10439.0,7,-2,73073.0
433600,,,INTARIAN_PEPPER_ROOT,XIRECS,10442.0,7,-2,73094.0
434800,,,INTARIAN_PEPPER_ROOT,XIRECS,10441.0,4,-2,41764.0
442400,,,INTARIAN_PEPPER_ROOT,XIRECS,10439.0,8,-2,83512.0
443400,,,INTARIAN_PEPPER_ROOT,XIRECS,10440.0,6,-2,62640.0
457900,,,INTARIAN_PEPPER_ROOT,XIRECS,10452.0,4,-2,41808.0
461000,,,INTARIAN_PEPPER_ROOT,XIRECS,10467.0,5,-2,52335.0
467000,,,INTARIAN_PEPPER_ROOT,XIRECS,10473.0,6,-2,62838.0
468800,,,INTARIAN_PEPPER_ROOT,XIRECS,10463.0,6,-2,62778.0
469100,,,INTARIAN_PEPPER_ROOT,XIRECS,10463.0,3,-2,31389.0
472900,,,INTARIAN_PEPPER_ROOT,XIRECS,10467.0,3,-2,31401.0
473700,,,INTARIAN_PEPPER_ROOT,XIRECS,10468.0,3,-2,31404.0
475500,,,INTARIAN_PEPPER_ROOT,XIRECS,10481.0,7,-2,73367.0
478200,,,INTARIAN_PEPPER_ROOT,XIRECS,10481.0,6,-2,62886.0
481300,,,INTARIAN_PEPPER_ROOT,XIRECS,10490.0,4,-2,41960.0
487400,,,INTARIAN_PEPPER_ROOT,XIRECS,10493.0,6,-2,62958.0
489600,,,INTARIAN_PEPPER_ROOT,XIRECS,10486.0,6,-2,62916.0
501200,,,INTARIAN_PEPPER_ROOT,XIRECS,10507.0,5,-2,52535.0
502300,,,INTARIAN_PEPPER_ROOT,XIRECS,10497.0,3,-2,31491.0
505500,,,INTARIAN_PEPPER_ROOT,XIRECS,10511.0,5,-2,52555.0
507600,,,INTARIAN_PEPPER_ROOT,XIRECS,10513.0,3,-2,31539.0
508100,,,INTARIAN_PEPPER_ROOT,XIRECS,10511.0,6,-2,63066.0
509500,,,INTARIAN_PEPPER_ROOT,XIRECS,10504.0,5,-2,52520.0
511400,,,INTARIAN_PEPPER_ROOT,XIRECS,10508.0,3,-2,31524.0
512000,,,INTARIAN_PEPPER_ROOT,XIRECS,10506.0,3,-2,31518.0
514700,,,INTARIAN_PEPPER_ROOT,XIRECS,10509.0,7,-2,73563.0
520500,,,INTARIAN_PEPPER_ROOT,XIRECS,10515.0,6,-2,63090.0
522200,,,INTARIAN_PEPPER_ROOT,XIRECS,10516.0,6,-2,63096.0
523000,,,INTARIAN_PEPPER_ROOT,XIRECS,10519.0,8,-2,84152.0
526200,,,INTARIAN_PEPPER_ROOT,XIRECS,10523.0,3,-2,31569.0
528000,,,INTARIAN_PEPPER_ROOT,XIRECS,10524.0,4,-2,42096.0
530100,,,INTARIAN_PEPPER_ROOT,XIRECS,10533.0,6,-2,63198.0
533500,,,INTARIAN_PEPPER_ROOT,XIRECS,10528.0,7,-2,73696.0
533800,,,INTARIAN_PEPPER_ROOT,XIRECS,10540.0,6,-2,63240.0
535700,,,INTARIAN_PEPPER_ROOT,XIRECS,10532.0,5,-2,52660.0
537900,,,INTARIAN_PEPPER_ROOT,XIRECS,10540.0,6,-2,63240.0
543000,,,INTARIAN_PEPPER_ROOT,XIRECS,10546.0,7,-2,73822.0
545000,,,INTARIAN_PEPPER_ROOT,XIRECS,10551.0,7,-2,73857.0
546800,,,INTARIAN_PEPPER_ROOT,XIRECS,10553.0,7,-2,73871.0
547100,,,INTARIAN_PEPPER_ROOT,XIRECS,10543.0,5,-2,52715.0
547700,,,INTARIAN_PEPPER_ROOT,XIRECS,10553.0,7,-2,73871.0
550400,,,INTARIAN_PEPPER_ROOT,XIRECS,10559.0,7,-2,73913.0
560900,,,INTARIAN_PEPPER_ROOT,XIRECS,10567.0,7,-2,73969.0
570300,,,INTARIAN_PEPPER_ROOT,XIRECS,10565.0,4,-2,42260.0
571800,,,INTARIAN_PEPPER_ROOT,XIRECS,10574.0,3,-2,31722.0
574400,,,INTARIAN_PEPPER_ROOT,XIRECS,10577.0,6,-2,63462.0
575600,,,INTARIAN_PEPPER_ROOT,XIRECS,10570.0,5,-2,52850.0
583100,,,INTARIAN_PEPPER_ROOT,XIRECS,10589.0,5,-2,52945.0
585300,,,INTARIAN_PEPPER_ROOT,XIRECS,10580.0,7,-2,74060.0
586100,,,INTARIAN_PEPPER_ROOT,XIRECS,10592.0,6,-2,63552.0
586900,,,INTARIAN_PEPPER_ROOT,XIRECS,10581.0,6,-2,63486.0
590600,,,INTARIAN_PEPPER_ROOT,XIRECS,10596.0,5,-2,52980.0
593300,,,INTARIAN_PEPPER_ROOT,XIRECS,10588.0,3,-2,31764.0
597300,,,INTARIAN_PEPPER_ROOT,XIRECS,10603.0,3,-2,31809.0
597600,,,INTARIAN_PEPPER_ROOT,XIRECS,10592.0,4,-2,42368.0
601400,,,INTARIAN_PEPPER_ROOT,XIRECS,10596.0,6,-2,63576.0
601700,,,INTARIAN_PEPPER_ROOT,XIRECS,10610.0,3,-2,31830.0
609200,,,INTARIAN_PEPPER_ROOT,XIRECS,10618.0,3,-2,31854.0
610400,,,INTARIAN_PEPPER_ROOT,XIRECS,10613.0,7,-2,74291.0
611200,,,INTARIAN_PEPPER_ROOT,XIRECS,10608.0,4,-2,42432.0
612600,,,INTARIAN_PEPPER_ROOT,XIRECS,10604.0,5,-2,53020.0
613000,,,INTARIAN_PEPPER_ROOT,XIRECS,10621.0,3,-2,31863.0
613900,,,INTARIAN_PEPPER_ROOT,XIRECS,10620.0,5,-2,53100.0
614900,,,INTARIAN_PEPPER_ROOT,XIRECS,10611.0,5,-2,53055.0
615400,,,INTARIAN_PEPPER_ROOT,XIRECS,10610.0,5,-2,53050.0
625500,,,INTARIAN_PEPPER_ROOT,XIRECS,10631.0,3,-2,31893.0
628300,,,INTARIAN_PEPPER_ROOT,XIRECS,10622.0,5,-2,53110.0
628400,,,INTARIAN_PEPPER_ROOT,XIRECS,10620.0,6,-2,63720.0
628700,,,INTARIAN_PEPPER_ROOT,XIRECS,10631.0,5,-2,53155.0
631400,,,INTARIAN_PEPPER_ROOT,XIRECS,10637.0,4,-2,42548.0
636400,,,INTARIAN_PEPPER_ROOT,XIRECS,10642.0,3,-2,31926.0
639200,,,INTARIAN_PEPPER_ROOT,XIRECS,10631.0,3,-2,31893.0
640500,,,INTARIAN_PEPPER_ROOT,XIRECS,10646.0,7,-2,74522.0
644600,,,INTARIAN_PEPPER_ROOT,XIRECS,10639.0,6,-2,63834.0
648000,,,INTARIAN_PEPPER_ROOT,XIRECS,10654.0,3,-2,31962.0
650300,,,INTARIAN_PEPPER_ROOT,XIRECS,10644.0,7,-2,74508.0
652900,,,INTARIAN_PEPPER_ROOT,XIRECS,10659.0,3,-2,31977.0
654100,,,INTARIAN_PEPPER_ROOT,XIRECS,10646.0,4,-2,42584.0
654200,,,INTARIAN_PEPPER_ROOT,XIRECS,10660.0,3,-2,31980.0
655500,,,INTARIAN_PEPPER_ROOT,XIRECS,10652.0,6,-2,63912.0
659100,,,INTARIAN_PEPPER_ROOT,XIRECS,10655.0,4,-2,42620.0
662300,,,INTARIAN_PEPPER_ROOT,XIRECS,10668.0,4,-2,42672.0
662600,,,INTARIAN_PEPPER_ROOT,XIRECS,10659.0,3,-2,31977.0
669500,,,INTARIAN_PEPPER_ROOT,XIRECS,10675.0,6,-2,64050.0
671700,,,INTARIAN_PEPPER_ROOT,XIRECS,10666.0,7,-2,74662.0
676600,,,INTARIAN_PEPPER_ROOT,XIRECS,10682.0,3,-2,32046.0
681300,,,INTARIAN_PEPPER_ROOT,XIRECS,10679.0,7,-2,74753.0
687800,,,INTARIAN_PEPPER_ROOT,XIRECS,10691.0,5,-2,53455.0
688100,,,INTARIAN_PEPPER_ROOT,XIRECS,10697.0,3,-2,32091.0
693200,,,INTARIAN_PEPPER_ROOT,XIRECS,10689.0,5,-2,53445.0
698300,,,INTARIAN_PEPPER_ROOT,XIRECS,10704.0,3,-2,32112.0
701400,,,INTARIAN_PEPPER_ROOT,XIRECS,10707.0,3,-2,32121.0
703900,,,INTARIAN_PEPPER_ROOT,XIRECS,10698.0,3,-2,32094.0
709300,,,INTARIAN_PEPPER_ROOT,XIRECS,10715.0,5,-2,53575.0
711700,,,INTARIAN_PEPPER_ROOT,XIRECS,10706.0,7,-2,74942.0
713000,,,INTARIAN_PEPPER_ROOT,XIRECS,10719.0,6,-2,64314.0
718100,,,INTARIAN_PEPPER_ROOT,XIRECS,10712.0,3,-2,32136.0
719800,,,INTARIAN_PEPPER_ROOT,XIRECS,10714.0,7,-2,74998.0
721900,,,INTARIAN_PEPPER_ROOT,XIRECS,10716.0,6,-2,64296.0
724100,,,INTARIAN_PEPPER_ROOT,XIRECS,10720.0,8,-2,85760.0
727600,,,INTARIAN_PEPPER_ROOT,XIRECS,10733.0,6,-2,64398.0
728900,,,INTARIAN_PEPPER_ROOT,XIRECS,10735.0,4,-2,42940.0
738200,,,INTARIAN_PEPPER_ROOT,XIRECS,10732.0,5,-2,53660.0
742500,,,INTARIAN_PEPPER_ROOT,XIRECS,10737.0,4,-2,42948.0
742800,,,INTARIAN_PEPPER_ROOT,XIRECS,10749.0,3,-2,32247.0
745000,,,INTARIAN_PEPPER_ROOT,XIRECS,10739.0,3,-2,32217.0
747000,,,INTARIAN_PEPPER_ROOT,XIRECS,10753.0,3,-2,32259.0
748600,,,INTARIAN_PEPPER_ROOT,XIRECS,10743.0,4,-2,42972.0
749100,,,INTARIAN_PEPPER_ROOT,XIRECS,10743.0,6,-2,64458.0
750500,,,INTARIAN_PEPPER_ROOT,XIRECS,10747.0,3,-2,32241.0
756600,,,INTARIAN_PEPPER_ROOT,XIRECS,10762.0,5,-2,53810.0
759800,,,INTARIAN_PEPPER_ROOT,XIRECS,10763.0,5,-2,53815.0
765600,,,INTARIAN_PEPPER_ROOT,XIRECS,10768.0,4,-2,43072.0
767800,,,INTARIAN_PEPPER_ROOT,XIRECS,10762.0,6,-2,64572.0
771000,,,INTARIAN_PEPPER_ROOT,XIRECS,10767.0,8,-2,86136.0
771100,,,INTARIAN_PEPPER_ROOT,XIRECS,10774.0,6,-2,64644.0
777000,,,INTARIAN_PEPPER_ROOT,XIRECS,10771.0,6,-2,64626.0
778300,,,INTARIAN_PEPPER_ROOT,XIRECS,10784.0,6,-2,64704.0
782000,,,INTARIAN_PEPPER_ROOT,XIRECS,10788.0,3,-2,32364.0
783900,,,INTARIAN_PEPPER_ROOT,XIRECS,10778.0,3,-2,32334.0
784100,,,INTARIAN_PEPPER_ROOT,XIRECS,10786.0,4,-2,43144.0
787900,,,INTARIAN_PEPPER_ROOT,XIRECS,10794.0,5,-2,53970.0
789700,,,INTARIAN_PEPPER_ROOT,XIRECS,10796.0,6,-2,64776.0
790600,,,INTARIAN_PEPPER_ROOT,XIRECS,10787.0,4,-2,43148.0
794200,,,INTARIAN_PEPPER_ROOT,XIRECS,10788.0,5,-2,53940.0
794700,,,INTARIAN_PEPPER_ROOT,XIRECS,10791.0,4,-2,43164.0
795300,,,INTARIAN_PEPPER_ROOT,XIRECS,10798.0,7,-2,75586.0
795500,,,INTARIAN_PEPPER_ROOT,XIRECS,10787.0,4,-2,43148.0
795900,,,INTARIAN_PEPPER_ROOT,XIRECS,10790.0,3,-2,32370.0
796600,,,INTARIAN_PEPPER_ROOT,XIRECS,10793.0,6,-2,64758.0
797900,,,INTARIAN_PEPPER_ROOT,XIRECS,10806.0,6,-2,64836.0
800000,,,INTARIAN_PEPPER_ROOT,XIRECS,10794.0,4,-2,43176.0
801600,,,INTARIAN_PEPPER_ROOT,XIRECS,10796.0,5,-2,53980.0
804600,,,INTARIAN_PEPPER_ROOT,XIRECS,10811.0,5,-2,54055.0
809500,,,INTARIAN_PEPPER_ROOT,XIRECS,10815.0,7,-2,75705.0
811000,,,INTARIAN_PEPPER_ROOT,XIRECS,10814.0,3,-2,32442.0
822000,,,INTARIAN_PEPPER_ROOT,XIRECS,10813.0,3,-2,32439.0
826500,,,INTARIAN_PEPPER_ROOT,XIRECS,10821.0,7,-2,75747.0
832500,,,INTARIAN_PEPPER_ROOT,XIRECS,10838.0,3,-2,32514.0
835400,,,INTARIAN_PEPPER_ROOT,XIRECS,10829.0,3,-2,32487.0
839600,,,INTARIAN_PEPPER_ROOT,XIRECS,10846.0,5,-2,54230.0
840000,,,INTARIAN_PEPPER_ROOT,XIRECS,10834.0,6,-2,65004.0
840200,,,INTARIAN_PEPPER_ROOT,XIRECS,10846.0,4,-2,43384.0
840600,,,INTARIAN_PEPPER_ROOT,XIRECS,10835.0,6,-2,65010.0
841200,,,INTARIAN_PEPPER_ROOT,XIRECS,10850.0,4,-2,43400.0
841700,,,INTARIAN_PEPPER_ROOT,XIRECS,10848.0,7,-2,75936.0
844700,,,INTARIAN_PEPPER_ROOT,XIRECS,10839.0,6,-2,65034.0
845800,,,INTARIAN_PEPPER_ROOT,XIRECS,10837.0,4,-2,43348.0
851800,,,INTARIAN_PEPPER_ROOT,XIRECS,10860.0,4,-2,43440.0
864600,,,INTARIAN_PEPPER_ROOT,XIRECS,10859.0,5,-2,54295.0
868000,,,INTARIAN_PEPPER_ROOT,XIRECS,10864.0,3,-2,32592.0
868500,,,INTARIAN_PEPPER_ROOT,XIRECS,10866.0,6,-2,65196.0
869200,,,INTARIAN_PEPPER_ROOT,XIRECS,10878.0,4,-2,43512.0
870000,,,INTARIAN_PEPPER_ROOT,XIRECS,10866.0,5,-2,54330.0
875400,,,INTARIAN_PEPPER_ROOT,XIRECS,10881.0,6,-2,65286.0
883900,,,INTARIAN_PEPPER_ROOT,XIRECS,10875.0,5,-2,54375.0
888900,,,INTARIAN_PEPPER_ROOT,XIRECS,10895.0,3,-2,32685.0
893700,,,INTARIAN_PEPPER_ROOT,XIRECS,10900.0,5,-2,54500.0
894100,,,INTARIAN_PEPPER_ROOT,XIRECS,10900.0,6,-2,65400.0
896800,,,INTARIAN_PEPPER_ROOT,XIRECS,10891.0,3,-2,32673.0
899300,,,INTARIAN_PEPPER_ROOT,XIRECS,10905.0,3,-2,32715.0
901000,,,INTARIAN_PEPPER_ROOT,XIRECS,10904.0,7,-2,76328.0
903300,,,INTARIAN_PEPPER_ROOT,XIRECS,10895.0,6,-2,65370.0
904100,,,INTARIAN_PEPPER_ROOT,XIRECS,10910.0,5,-2,54550.0
905100,,,INTARIAN_PEPPER_ROOT,XIRECS,10899.0,3,-2,32697.0
905700,,,INTARIAN_PEPPER_ROOT,XIRECS,10900.0,7,-2,76300.0
907500,,,INTARIAN_PEPPER_ROOT,XIRECS,10913.0,4,-2,43652.0
910200,,,INTARIAN_PEPPER_ROOT,XIRECS,10906.0,6,-2,65436.0
911400,,,INTARIAN_PEPPER_ROOT,XIRECS,10908.0,6,-2,65448.0
912900,,,INTARIAN_PEPPER_ROOT,XIRECS,10916.0,8,-2,87328.0
914800,,,INTARIAN_PEPPER_ROOT,XIRECS,10918.0,4,-2,43672.0
915400,,,INTARIAN_PEPPER_ROOT,XIRECS,10907.0,5,-2,54535.0
923900,,,INTARIAN_PEPPER_ROOT,XIRECS,10930.0,7,-2,76510.0
924300,,,INTARIAN_PEPPER_ROOT,XIRECS,10918.0,6,-2,65508.0
929200,,,INTARIAN_PEPPER_ROOT,XIRECS,10923.0,5,-2,54615.0
932300,,,INTARIAN_PEPPER_ROOT,XIRECS,10926.0,3,-2,32778.0
934000,,,INTARIAN_PEPPER_ROOT,XIRECS,10928.0,5,-2,54640.0
938000,,,INTARIAN_PEPPER_ROOT,XIRECS,10941.0,4,-2,43764.0
941700,,,INTARIAN_PEPPER_ROOT,XIRECS,10948.0,6,-2,65688.0
942600,,,INTARIAN_PEPPER_ROOT,XIRECS,10937.0,6,-2,65622.0
944100,,,INTARIAN_PEPPER_ROOT,XIRECS,10947.0,6,-2,65682.0
947900,,,INTARIAN_PEPPER_ROOT,XIRECS,10942.0,3,-2,32826.0
957200,,,INTARIAN_PEPPER_ROOT,XIRECS,10951.0,7,-2,76657.0
957300,,,INTARIAN_PEPPER_ROOT,XIRECS,10951.0,3,-2,32853.0
957500,,,INTARIAN_PEPPER_ROOT,XIRECS,10952.0,7,-2,76664.0
965400,,,INTARIAN_PEPPER_ROOT,XIRECS,10971.0,6,-2,65826.0
965600,,,INTARIAN_PEPPER_ROOT,XIRECS,10960.0,5,-2,54800.0
965900,,,INTARIAN_PEPPER_ROOT,XIRECS,10972.0,3,-2,32916.0
973900,,,INTARIAN_PEPPER_ROOT,XIRECS,10980.0,6,-2,65880.0
981900,,,INTARIAN_PEPPER_ROOT,XIRECS,10985.0,3,-2,32955.0
982600,,,INTARIAN_PEPPER_ROOT,XIRECS,10974.0,7,-2,76818.0
985200,,,INTARIAN_PEPPER_ROOT,XIRECS,10994.0,4,-2,43976.0
989100,,,INTARIAN_PEPPER_ROOT,XIRECS,10980.0,6,-2,65880.0
997500,,,INTARIAN_PEPPER_ROOT,XIRECS,10992.0,7,-2,76944.0
2800,,,ASH_COATED_OSMIUM,XIRECS,9985.0,10,-1,99850.0
5200,,,ASH_COATED_OSMIUM,XIRECS,10004.0,6,-1,60024.0
5200,,,ASH_COATED_OSMIUM,XIRECS,9986.0,9,-1,89874.0
7500,,,ASH_COATED_OSMIUM,XIRECS,10003.0,6,-1,60018.0
9000,,,ASH_COATED_OSMIUM,XIRECS,10004.0,10,-1,100040.0
13000,,,ASH_COATED_OSMIUM,XIRECS,10005.0,2,-1,20010.0
14600,,,ASH_COATED_OSMIUM,XIRECS,10007.0,5,-1,50035.0
14900,,,ASH_COATED_OSMIUM,XIRECS,10007.0,5,-1,50035.0
16600,,,ASH_COATED_OSMIUM,XIRECS,9992.0,2,-1,19984.0
17200,,,ASH_COATED_OSMIUM,XIRECS,9994.0,5,-1,49970.0
18700,,,ASH_COATED_OSMIUM,XIRECS,9998.0,5,-1,49990.0
19300,,,ASH_COATED_OSMIUM,XIRECS,10008.0,3,-1,30024.0
20900,,,ASH_COATED_OSMIUM,XIRECS,9992.0,2,-1,19984.0
21500,,,ASH_COATED_OSMIUM,XIRECS,10008.0,6,-1,60048.0
23100,,,ASH_COATED_OSMIUM,XIRECS,10010.0,5,-1,50050.0
25300,,,ASH_COATED_OSMIUM,XIRECS,10008.0,6,-1,60048.0
25900,,,ASH_COATED_OSMIUM,XIRECS,10009.0,6,-1,60054.0
26300,,,ASH_COATED_OSMIUM,XIRECS,10008.0,9,-1,90072.0
35900,,,ASH_COATED_OSMIUM,XIRECS,9992.0,2,-1,19984.0
44700,,,ASH_COATED_OSMIUM,XIRECS,10008.0,5,-1,50040.0
46700,,,ASH_COATED_OSMIUM,XIRECS,9992.0,6,-1,59952.0
47600,,,ASH_COATED_OSMIUM,XIRECS,9993.0,4,-1,39972.0
50300,,,ASH_COATED_OSMIUM,XIRECS,10008.0,4,-1,40032.0
51200,,,ASH_COATED_OSMIUM,XIRECS,10006.0,7,-1,70042.0
51700,,,ASH_COATED_OSMIUM,XIRECS,10009.0,2,-1,20018.0
52800,,,ASH_COATED_OSMIUM,XIRECS,9990.0,5,-1,49950.0
54200,,,ASH_COATED_OSMIUM,XIRECS,10004.0,6,-1,60024.0
56500,,,ASH_COATED_OSMIUM,XIRECS,10005.0,6,-1,60030.0
57200,,,ASH_COATED_OSMIUM,XIRECS,10001.0,3,-1,30003.0
57700,,,ASH_COATED_OSMIUM,XIRECS,9996.0,8,-1,79968.0
58000,,,ASH_COATED_OSMIUM,XIRECS,10006.0,3,-1,30018.0
62000,,,ASH_COATED_OSMIUM,XIRECS,9989.0,3,-1,29967.0
62400,,,ASH_COATED_OSMIUM,XIRECS,9991.0,2,-1,19982.0
69900,,,ASH_COATED_OSMIUM,XIRECS,9991.0,8,-1,79928.0
71300,,,ASH_COATED_OSMIUM,XIRECS,10007.0,6,-1,60042.0
74000,,,ASH_COATED_OSMIUM,XIRECS,9993.0,3,-1,29979.0
74200,,,ASH_COATED_OSMIUM,XIRECS,9991.0,2,-1,19982.0
75700,,,ASH_COATED_OSMIUM,XIRECS,10010.0,4,-1,40040.0
76600,,,ASH_COATED_OSMIUM,XIRECS,10010.0,4,-1,40040.0
76900,,,ASH_COATED_OSMIUM,XIRECS,10010.0,4,-1,40040.0
77300,,,ASH_COATED_OSMIUM,XIRECS,9993.0,5,-1,49965.0
78000,,,ASH_COATED_OSMIUM,XIRECS,10011.0,2,-1,20022.0
88400,,,ASH_COATED_OSMIUM,XIRECS,10010.0,4,-1,40040.0
89700,,,ASH_COATED_OSMIUM,XIRECS,10013.0,8,-1,80104.0
98200,,,ASH_COATED_OSMIUM,XIRECS,10007.0,9,-1,90063.0
100500,,,ASH_COATED_OSMIUM,XIRECS,9990.0,5,-1,49950.0
101100,,,ASH_COATED_OSMIUM,XIRECS,9990.0,2,-1,19980.0
101900,,,ASH_COATED_OSMIUM,XIRECS,10006.0,6,-1,60036.0
102000,,,ASH_COATED_OSMIUM,XIRECS,9988.0,2,-1,19976.0
103000,,,ASH_COATED_OSMIUM,XIRECS,9992.0,5,-1,49960.0
104800,,,ASH_COATED_OSMIUM,XIRECS,9992.0,6,-1,59952.0
117400,,,ASH_COATED_OSMIUM,XIRECS,10007.0,9,-1,90063.0
118100,,,ASH_COATED_OSMIUM,XIRECS,9991.0,3,-1,29973.0
123500,,,ASH_COATED_OSMIUM,XIRECS,10008.0,6,-1,60048.0
125500,,,ASH_COATED_OSMIUM,XIRECS,9988.0,10,-1,99880.0
126600,,,ASH_COATED_OSMIUM,XIRECS,9988.0,6,-1,59928.0
128900,,,ASH_COATED_OSMIUM,XIRECS,9987.0,3,-1,29961.0
130100,,,ASH_COATED_OSMIUM,XIRECS,9986.0,2,-1,19972.0
130400,,,ASH_COATED_OSMIUM,XIRECS,10002.0,6,-1,60012.0
131300,,,ASH_COATED_OSMIUM,XIRECS,10003.0,10,-1,100030.0
132100,,,ASH_COATED_OSMIUM,XIRECS,9988.0,3,-1,29964.0
137700,,,ASH_COATED_OSMIUM,XIRECS,9989.0,3,-1,29967.0
141100,,,ASH_COATED_OSMIUM,XIRECS,9991.0,3,-1,29973.0
145800,,,ASH_COATED_OSMIUM,XIRECS,10009.0,10,-1,100090.0
145900,,,ASH_COATED_OSMIUM,XIRECS,10012.0,9,-1,90108.0
146600,,,ASH_COATED_OSMIUM,XIRECS,9994.0,2,-1,19988.0
146700,,,ASH_COATED_OSMIUM,XIRECS,10009.0,7,-1,70063.0
147300,,,ASH_COATED_OSMIUM,XIRECS,9993.0,6,-1,59958.0
148400,,,ASH_COATED_OSMIUM,XIRECS,9994.0,6,-1,59964.0
149000,,,ASH_COATED_OSMIUM,XIRECS,10009.0,3,-1,30027.0
152000,,,ASH_COATED_OSMIUM,XIRECS,9992.0,2,-1,19984.0
153700,,,ASH_COATED_OSMIUM,XIRECS,9994.0,5,-1,49970.0
160700,,,ASH_COATED_OSMIUM,XIRECS,10008.0,7,-1,70056.0
161400,,,ASH_COATED_OSMIUM,XIRECS,10009.0,9,-1,90081.0
161900,,,ASH_COATED_OSMIUM,XIRECS,9993.0,6,-1,59958.0
169400,,,ASH_COATED_OSMIUM,XIRECS,9989.0,2,-1,19978.0
175500,,,ASH_COATED_OSMIUM,XIRECS,9993.0,6,-1,59958.0
176900,,,ASH_COATED_OSMIUM,XIRECS,9992.0,2,-1,19984.0
182500,,,ASH_COATED_OSMIUM,XIRECS,9994.0,10,-1,99940.0
184500,,,ASH_COATED_OSMIUM,XIRECS,10011.0,6,-1,60066.0
191400,,,ASH_COATED_OSMIUM,XIRECS,9996.0,6,-1,59976.0
191600,,,ASH_COATED_OSMIUM,XIRECS,9996.0,6,-1,59976.0
193500,,,ASH_COATED_OSMIUM,XIRECS,10002.0,3,-1,30006.0
193700,,,ASH_COATED_OSMIUM,XIRECS,9994.0,3,-1,29982.0
203200,,,ASH_COATED_OSMIUM,XIRECS,9991.0,6,-1,59946.0
206100,,,ASH_COATED_OSMIUM,XIRECS,10009.0,4,-1,40036.0
207700,,,ASH_COATED_OSMIUM,XIRECS,9990.0,5,-1,49950.0
208500,,,ASH_COATED_OSMIUM,XIRECS,10009.0,4,-1,40036.0
216000,,,ASH_COATED_OSMIUM,XIRECS,10008.0,4,-1,40032.0
218000,,,ASH_COATED_OSMIUM,XIRECS,9995.0,3,-1,29985.0
218600,,,ASH_COATED_OSMIUM,XIRECS,10010.0,4,-1,40040.0
219900,,,ASH_COATED_OSMIUM,XIRECS,9991.0,6,-1,59946.0
221000,,,ASH_COATED_OSMIUM,XIRECS,9995.0,8,-1,79960.0
221700,,,ASH_COATED_OSMIUM,XIRECS,10011.0,10,-1,100110.0
222000,,,ASH_COATED_OSMIUM,XIRECS,10011.0,4,-1,40044.0
228800,,,ASH_COATED_OSMIUM,XIRECS,9993.0,3,-1,29979.0
232900,,,ASH_COATED_OSMIUM,XIRECS,10011.0,3,-1,30033.0
235800,,,ASH_COATED_OSMIUM,XIRECS,10013.0,3,-1,30039.0
236300,,,ASH_COATED_OSMIUM,XIRECS,10010.0,4,-1,40040.0
239500,,,ASH_COATED_OSMIUM,XIRECS,10011.0,7,-1,70077.0
240800,,,ASH_COATED_OSMIUM,XIRECS,10012.0,6,-1,60072.0
241800,,,ASH_COATED_OSMIUM,XIRECS,10010.0,3,-1,30030.0
244200,,,ASH_COATED_OSMIUM,XIRECS,10010.0,5,-1,50050.0
245100,,,ASH_COATED_OSMIUM,XIRECS,10012.0,7,-1,70084.0
245800,,,ASH_COATED_OSMIUM,XIRECS,10009.0,6,-1,60054.0
246400,,,ASH_COATED_OSMIUM,XIRECS,10010.0,4,-1,40040.0
250800,,,ASH_COATED_OSMIUM,XIRECS,9992.0,5,-1,49960.0
251100,,,ASH_COATED_OSMIUM,XIRECS,10001.0,3,-1,30003.0
251700,,,ASH_COATED_OSMIUM,XIRECS,9992.0,10,-1,99920.0
253300,,,ASH_COATED_OSMIUM,XIRECS,9992.0,7,-1,69944.0
262200,,,ASH_COATED_OSMIUM,XIRECS,9994.0,2,-1,19988.0
262300,,,ASH_COATED_OSMIUM,XIRECS,10010.0,3,-1,30030.0
262400,,,ASH_COATED_OSMIUM,XIRECS,10010.0,6,-1,60060.0
264100,,,ASH_COATED_OSMIUM,XIRECS,10010.0,6,-1,60060.0
264200,,,ASH_COATED_OSMIUM,XIRECS,10009.0,5,-1,50045.0
273500,,,ASH_COATED_OSMIUM,XIRECS,9999.0,4,-1,39996.0
274200,,,ASH_COATED_OSMIUM,XIRECS,9989.0,6,-1,59934.0
277500,,,ASH_COATED_OSMIUM,XIRECS,10005.0,5,-1,50025.0
279800,,,ASH_COATED_OSMIUM,XIRECS,9992.0,4,-1,39968.0
280500,,,ASH_COATED_OSMIUM,XIRECS,10006.0,5,-1,50030.0
280700,,,ASH_COATED_OSMIUM,XIRECS,10008.0,5,-1,50040.0
285200,,,ASH_COATED_OSMIUM,XIRECS,10007.0,6,-1,60042.0
288100,,,ASH_COATED_OSMIUM,XIRECS,9989.0,5,-1,49945.0
288700,,,ASH_COATED_OSMIUM,XIRECS,9989.0,10,-1,99890.0
290500,,,ASH_COATED_OSMIUM,XIRECS,9988.0,6,-1,59928.0
291800,,,ASH_COATED_OSMIUM,XIRECS,9986.0,6,-1,59916.0
302900,,,ASH_COATED_OSMIUM,XIRECS,9993.0,7,-1,69951.0
306200,,,ASH_COATED_OSMIUM,XIRECS,9992.0,9,-1,89928.0
307800,,,ASH_COATED_OSMIUM,XIRECS,10011.0,6,-1,60066.0
308100,,,ASH_COATED_OSMIUM,XIRECS,9995.0,3,-1,29985.0
310200,,,ASH_COATED_OSMIUM,XIRECS,9996.0,7,-1,69972.0
310300,,,ASH_COATED_OSMIUM,XIRECS,10002.0,5,-1,50010.0
311400,,,ASH_COATED_OSMIUM,XIRECS,9996.0,7,-1,69972.0
312600,,,ASH_COATED_OSMIUM,XIRECS,10012.0,2,-1,20024.0
312900,,,ASH_COATED_OSMIUM,XIRECS,10001.0,5,-1,50005.0
315000,,,ASH_COATED_OSMIUM,XIRECS,10012.0,5,-1,50060.0
315300,,,ASH_COATED_OSMIUM,XIRECS,9997.0,9,-1,89973.0
320700,,,ASH_COATED_OSMIUM,XIRECS,10013.0,10,-1,100130.0
324600,,,ASH_COATED_OSMIUM,XIRECS,9999.0,3,-1,29997.0
325900,,,ASH_COATED_OSMIUM,XIRECS,10018.0,3,-1,30054.0
329600,,,ASH_COATED_OSMIUM,XIRECS,10016.0,3,-1,30048.0
329700,,,ASH_COATED_OSMIUM,XIRECS,10016.0,2,-1,20032.0
329900,,,ASH_COATED_OSMIUM,XIRECS,10000.0,8,-1,80000.0
331400,,,ASH_COATED_OSMIUM,XIRECS,10000.0,5,-1,50000.0
335700,,,ASH_COATED_OSMIUM,XIRECS,10016.0,7,-1,70112.0
336000,,,ASH_COATED_OSMIUM,XIRECS,10016.0,5,-1,50080.0
337000,,,ASH_COATED_OSMIUM,XIRECS,10019.0,10,-1,100190.0
337400,,,ASH_COATED_OSMIUM,XIRECS,10015.0,2,-1,20030.0
348700,,,ASH_COATED_OSMIUM,XIRECS,10013.0,8,-1,80104.0
349700,,,ASH_COATED_OSMIUM,XIRECS,9992.0,6,-1,59952.0
352100,,,ASH_COATED_OSMIUM,XIRECS,10011.0,4,-1,40044.0
352300,,,ASH_COATED_OSMIUM,XIRECS,10011.0,2,-1,20022.0
353900,,,ASH_COATED_OSMIUM,XIRECS,9993.0,5,-1,49965.0
354300,,,ASH_COATED_OSMIUM,XIRECS,9989.0,5,-1,49945.0
355200,,,ASH_COATED_OSMIUM,XIRECS,10007.0,7,-1,70049.0
356300,,,ASH_COATED_OSMIUM,XIRECS,9998.0,4,-1,39992.0
356400,,,ASH_COATED_OSMIUM,XIRECS,9992.0,5,-1,49960.0
358000,,,ASH_COATED_OSMIUM,XIRECS,9997.0,4,-1,39988.0
358400,,,ASH_COATED_OSMIUM,XIRECS,10007.0,10,-1,100070.0
359000,,,ASH_COATED_OSMIUM,XIRECS,10008.0,3,-1,30024.0
359900,,,ASH_COATED_OSMIUM,XIRECS,9992.0,9,-1,89928.0
368500,,,ASH_COATED_OSMIUM,XIRECS,9993.0,3,-1,29979.0
374200,,,ASH_COATED_OSMIUM,XIRECS,9993.0,10,-1,99930.0
374400,,,ASH_COATED_OSMIUM,XIRECS,10009.0,8,-1,80072.0
375600,,,ASH_COATED_OSMIUM,XIRECS,10008.0,4,-1,40032.0
377100,,,ASH_COATED_OSMIUM,XIRECS,10008.0,6,-1,60048.0
377300,,,ASH_COATED_OSMIUM,XIRECS,10009.0,8,-1,80072.0
379500,,,ASH_COATED_OSMIUM,XIRECS,10013.0,10,-1,100130.0
380900,,,ASH_COATED_OSMIUM,XIRECS,9996.0,4,-1,39984.0
386500,,,ASH_COATED_OSMIUM,XIRECS,10011.0,5,-1,50055.0
388100,,,ASH_COATED_OSMIUM,XIRECS,9994.0,8,-1,79952.0
390900,,,ASH_COATED_OSMIUM,XIRECS,9995.0,2,-1,19990.0
393600,,,ASH_COATED_OSMIUM,XIRECS,9997.0,10,-1,99970.0
395100,,,ASH_COATED_OSMIUM,XIRECS,9999.0,2,-1,19998.0
399200,,,ASH_COATED_OSMIUM,XIRECS,9999.0,4,-1,39996.0
400700,,,ASH_COATED_OSMIUM,XIRECS,10015.0,4,-1,40060.0
405700,,,ASH_COATED_OSMIUM,XIRECS,10010.0,4,-1,40040.0
406300,,,ASH_COATED_OSMIUM,XIRECS,9992.0,7,-1,69944.0
407500,,,ASH_COATED_OSMIUM,XIRECS,10012.0,5,-1,50060.0
407600,,,ASH_COATED_OSMIUM,XIRECS,10009.0,8,-1,80072.0
408000,,,ASH_COATED_OSMIUM,XIRECS,10009.0,2,-1,20018.0
411700,,,ASH_COATED_OSMIUM,XIRECS,9993.0,10,-1,99930.0
413100,,,ASH_COATED_OSMIUM,XIRECS,10010.0,7,-1,70070.0
415200,,,ASH_COATED_OSMIUM,XIRECS,10012.0,5,-1,50060.0
418300,,,ASH_COATED_OSMIUM,XIRECS,10009.0,5,-1,50045.0
423400,,,ASH_COATED_OSMIUM,XIRECS,9994.0,6,-1,59964.0
423900,,,ASH_COATED_OSMIUM,XIRECS,9995.0,2,-1,19990.0
424300,,,ASH_COATED_OSMIUM,XIRECS,9994.0,6,-1,59964.0
424400,,,ASH_COATED_OSMIUM,XIRECS,9994.0,6,-1,59964.0
424900,,,ASH_COATED_OSMIUM,XIRECS,10009.0,3,-1,30027.0
426300,,,ASH_COATED_OSMIUM,XIRECS,9991.0,4,-1,39964.0
428300,,,ASH_COATED_OSMIUM,XIRECS,10010.0,5,-1,50050.0
430400,,,ASH_COATED_OSMIUM,XIRECS,10004.0,4,-1,40016.0
430900,,,ASH_COATED_OSMIUM,XIRECS,10014.0,5,-1,50070.0
433200,,,ASH_COATED_OSMIUM,XIRECS,9996.0,4,-1,39984.0
435200,,,ASH_COATED_OSMIUM,XIRECS,10013.0,6,-1,60078.0
438600,,,ASH_COATED_OSMIUM,XIRECS,9998.0,8,-1,79984.0
444300,,,ASH_COATED_OSMIUM,XIRECS,9997.0,3,-1,29991.0
454100,,,ASH_COATED_OSMIUM,XIRECS,10014.0,6,-1,60084.0
469000,,,ASH_COATED_OSMIUM,XIRECS,9993.0,2,-1,19986.0
476700,,,ASH_COATED_OSMIUM,XIRECS,10010.0,9,-1,90090.0
477600,,,ASH_COATED_OSMIUM,XIRECS,9993.0,10,-1,99930.0
483900,,,ASH_COATED_OSMIUM,XIRECS,10009.0,4,-1,40036.0
487100,,,ASH_COATED_OSMIUM,XIRECS,9994.0,3,-1,29982.0
488600,,,ASH_COATED_OSMIUM,XIRECS,9992.0,9,-1,89928.0
491600,,,ASH_COATED_OSMIUM,XIRECS,10010.0,2,-1,20020.0
492600,,,ASH_COATED_OSMIUM,XIRECS,9995.0,5,-1,49975.0
495600,,,ASH_COATED_OSMIUM,XIRECS,10013.0,6,-1,60078.0
495800,,,ASH_COATED_OSMIUM,XIRECS,9997.0,9,-1,89973.0
496100,,,ASH_COATED_OSMIUM,XIRECS,9997.0,3,-1,29991.0
497700,,,ASH_COATED_OSMIUM,XIRECS,10001.0,5,-1,50005.0
500000,,,ASH_COATED_OSMIUM,XIRECS,10011.0,5,-1,50055.0
503500,,,ASH_COATED_OSMIUM,XIRECS,9994.0,4,-1,39976.0
505900,,,ASH_COATED_OSMIUM,XIRECS,9993.0,4,-1,39972.0
506600,,,ASH_COATED_OSMIUM,XIRECS,10009.0,6,-1,60054.0
509900,,,ASH_COATED_OSMIUM,XIRECS,9995.0,2,-1,19990.0
510400,,,ASH_COATED_OSMIUM,XIRECS,9995.0,6,-1,59970.0
516600,,,ASH_COATED_OSMIUM,XIRECS,9996.0,4,-1,39984.0
519100,,,ASH_COATED_OSMIUM,XIRECS,10012.0,5,-1,50060.0
522400,,,ASH_COATED_OSMIUM,XIRECS,9995.0,5,-1,49975.0
524200,,,ASH_COATED_OSMIUM,XIRECS,10012.0,10,-1,100120.0
525200,,,ASH_COATED_OSMIUM,XIRECS,9995.0,5,-1,49975.0
527900,,,ASH_COATED_OSMIUM,XIRECS,10011.0,5,-1,50055.0
531800,,,ASH_COATED_OSMIUM,XIRECS,10013.0,5,-1,50065.0
534100,,,ASH_COATED_OSMIUM,XIRECS,9994.0,2,-1,19988.0
535800,,,ASH_COATED_OSMIUM,XIRECS,9994.0,5,-1,49970.0
536000,,,ASH_COATED_OSMIUM,XIRECS,9994.0,4,-1,39976.0
538800,,,ASH_COATED_OSMIUM,XIRECS,10006.0,5,-1,50030.0
541900,,,ASH_COATED_OSMIUM,XIRECS,10007.0,5,-1,50035.0
545000,,,ASH_COATED_OSMIUM,XIRECS,9991.0,6,-1,59946.0
547600,,,ASH_COATED_OSMIUM,XIRECS,10006.0,2,-1,20012.0
548100,,,ASH_COATED_OSMIUM,XIRECS,10009.0,4,-1,40036.0
549600,,,ASH_COATED_OSMIUM,XIRECS,10005.0,10,-1,100050.0
562200,,,ASH_COATED_OSMIUM,XIRECS,9989.0,2,-1,19978.0
564800,,,ASH_COATED_OSMIUM,XIRECS,9987.0,4,-1,39948.0
567700,,,ASH_COATED_OSMIUM,XIRECS,9989.0,4,-1,39956.0
571600,,,ASH_COATED_OSMIUM,XIRECS,10008.0,5,-1,50040.0
572700,,,ASH_COATED_OSMIUM,XIRECS,10008.0,3,-1,30024.0
573000,,,ASH_COATED_OSMIUM,XIRECS,9991.0,5,-1,49955.0
573400,,,ASH_COATED_OSMIUM,XIRECS,10007.0,3,-1,30021.0
575700,,,ASH_COATED_OSMIUM,XIRECS,10008.0,3,-1,30024.0
581000,,,ASH_COATED_OSMIUM,XIRECS,9989.0,6,-1,59934.0
582600,,,ASH_COATED_OSMIUM,XIRECS,10007.0,4,-1,40028.0
587000,,,ASH_COATED_OSMIUM,XIRECS,10008.0,6,-1,60048.0
588200,,,ASH_COATED_OSMIUM,XIRECS,10002.0,4,-1,40008.0
589500,,,ASH_COATED_OSMIUM,XIRECS,9992.0,3,-1,29976.0
592100,,,ASH_COATED_OSMIUM,XIRECS,9992.0,5,-1,49960.0
594000,,,ASH_COATED_OSMIUM,XIRECS,9989.0,6,-1,59934.0
596100,,,ASH_COATED_OSMIUM,XIRECS,9990.0,9,-1,89910.0
598000,,,ASH_COATED_OSMIUM,XIRECS,9990.0,6,-1,59940.0
605600,,,ASH_COATED_OSMIUM,XIRECS,10008.0,5,-1,50040.0
607000,,,ASH_COATED_OSMIUM,XIRECS,10008.0,2,-1,20016.0
610200,,,ASH_COATED_OSMIUM,XIRECS,9994.0,8,-1,79952.0
614900,,,ASH_COATED_OSMIUM,XIRECS,9995.0,5,-1,49975.0
618000,,,ASH_COATED_OSMIUM,XIRECS,10010.0,6,-1,60060.0
620400,,,ASH_COATED_OSMIUM,XIRECS,9994.0,6,-1,59964.0
621900,,,ASH_COATED_OSMIUM,XIRECS,9994.0,2,-1,19988.0
628200,,,ASH_COATED_OSMIUM,XIRECS,9994.0,4,-1,39976.0
628500,,,ASH_COATED_OSMIUM,XIRECS,10010.0,7,-1,70070.0
636500,,,ASH_COATED_OSMIUM,XIRECS,10013.0,6,-1,60078.0
637800,,,ASH_COATED_OSMIUM,XIRECS,10013.0,5,-1,50065.0
643800,,,ASH_COATED_OSMIUM,XIRECS,9996.0,5,-1,49980.0
644200,,,ASH_COATED_OSMIUM,XIRECS,10013.0,5,-1,50065.0
644600,,,ASH_COATED_OSMIUM,XIRECS,10013.0,8,-1,80104.0
647000,,,ASH_COATED_OSMIUM,XIRECS,10014.0,4,-1,40056.0
647400,,,ASH_COATED_OSMIUM,XIRECS,10015.0,5,-1,50075.0
649900,,,ASH_COATED_OSMIUM,XIRECS,10015.0,6,-1,60090.0
650300,,,ASH_COATED_OSMIUM,XIRECS,9996.0,9,-1,89964.0
651300,,,ASH_COATED_OSMIUM,XIRECS,10015.0,6,-1,60090.0
654500,,,ASH_COATED_OSMIUM,XIRECS,10015.0,5,-1,50075.0
656300,,,ASH_COATED_OSMIUM,XIRECS,10004.0,7,-1,70028.0
657400,,,ASH_COATED_OSMIUM,XIRECS,10016.0,5,-1,50080.0
659600,,,ASH_COATED_OSMIUM,XIRECS,10001.0,4,-1,40004.0
660400,,,ASH_COATED_OSMIUM,XIRECS,10017.0,2,-1,20034.0
660400,,,ASH_COATED_OSMIUM,XIRECS,10001.0,7,-1,70007.0
662400,,,ASH_COATED_OSMIUM,XIRECS,10001.0,5,-1,50005.0
662500,,,ASH_COATED_OSMIUM,XIRECS,10016.0,3,-1,30048.0
663100,,,ASH_COATED_OSMIUM,XIRECS,10017.0,6,-1,60102.0
663200,,,ASH_COATED_OSMIUM,XIRECS,10016.0,4,-1,40064.0
665400,,,ASH_COATED_OSMIUM,XIRECS,10001.0,8,-1,80008.0
667100,,,ASH_COATED_OSMIUM,XIRECS,10018.0,3,-1,30054.0
671500,,,ASH_COATED_OSMIUM,XIRECS,10003.0,5,-1,50015.0
673400,,,ASH_COATED_OSMIUM,XIRECS,10007.0,3,-1,30021.0
677400,,,ASH_COATED_OSMIUM,XIRECS,9999.0,8,-1,79992.0
680400,,,ASH_COATED_OSMIUM,XIRECS,10017.0,6,-1,60102.0
685300,,,ASH_COATED_OSMIUM,XIRECS,10016.0,6,-1,60096.0
689700,,,ASH_COATED_OSMIUM,XIRECS,9998.0,6,-1,59988.0
693400,,,ASH_COATED_OSMIUM,XIRECS,10014.0,8,-1,80112.0
693900,,,ASH_COATED_OSMIUM,XIRECS,10015.0,6,-1,60090.0
694100,,,ASH_COATED_OSMIUM,XIRECS,10016.0,8,-1,80128.0
694300,,,ASH_COATED_OSMIUM,XIRECS,9995.0,2,-1,19990.0
699500,,,ASH_COATED_OSMIUM,XIRECS,9996.0,6,-1,59976.0
705000,,,ASH_COATED_OSMIUM,XIRECS,10005.0,2,-1,20010.0
705600,,,ASH_COATED_OSMIUM,XIRECS,10013.0,3,-1,30039.0
706200,,,ASH_COATED_OSMIUM,XIRECS,10011.0,6,-1,60066.0
708200,,,ASH_COATED_OSMIUM,XIRECS,9995.0,10,-1,99950.0
709100,,,ASH_COATED_OSMIUM,XIRECS,10013.0,2,-1,20026.0
709900,,,ASH_COATED_OSMIUM,XIRECS,9992.0,5,-1,49960.0
710200,,,ASH_COATED_OSMIUM,XIRECS,10008.0,4,-1,40032.0
711100,,,ASH_COATED_OSMIUM,XIRECS,9990.0,3,-1,29970.0
711900,,,ASH_COATED_OSMIUM,XIRECS,10006.0,7,-1,70042.0
714600,,,ASH_COATED_OSMIUM,XIRECS,10009.0,6,-1,60054.0
718200,,,ASH_COATED_OSMIUM,XIRECS,9994.0,7,-1,69958.0
727200,,,ASH_COATED_OSMIUM,XIRECS,9991.0,9,-1,89919.0
729400,,,ASH_COATED_OSMIUM,XIRECS,10007.0,10,-1,100070.0
729500,,,ASH_COATED_OSMIUM,XIRECS,9991.0,4,-1,39964.0
729500,,,ASH_COATED_OSMIUM,XIRECS,9991.0,6,-1,59946.0
731900,,,ASH_COATED_OSMIUM,XIRECS,10008.0,5,-1,50040.0
732800,,,ASH_COATED_OSMIUM,XIRECS,10008.0,2,-1,20016.0
736300,,,ASH_COATED_OSMIUM,XIRECS,9986.0,10,-1,99860.0
740000,,,ASH_COATED_OSMIUM,XIRECS,10005.0,2,-1,20010.0
740200,,,ASH_COATED_OSMIUM,XIRECS,10005.0,9,-1,90045.0
741500,,,ASH_COATED_OSMIUM,XIRECS,10005.0,2,-1,20010.0
742300,,,ASH_COATED_OSMIUM,XIRECS,9987.0,6,-1,59922.0
744200,,,ASH_COATED_OSMIUM,XIRECS,9995.0,4,-1,39980.0
745200,,,ASH_COATED_OSMIUM,XIRECS,10000.0,10,-1,100000.0
745600,,,ASH_COATED_OSMIUM,XIRECS,9985.0,6,-1,59910.0
747500,,,ASH_COATED_OSMIUM,XIRECS,10003.0,2,-1,20006.0
753100,,,ASH_COATED_OSMIUM,XIRECS,9985.0,4,-1,39940.0
759900,,,ASH_COATED_OSMIUM,XIRECS,10001.0,6,-1,60006.0
761900,,,ASH_COATED_OSMIUM,XIRECS,10002.0,9,-1,90018.0
762800,,,ASH_COATED_OSMIUM,XIRECS,9997.0,8,-1,79976.0
765800,,,ASH_COATED_OSMIUM,XIRECS,9994.0,4,-1,39976.0
768500,,,ASH_COATED_OSMIUM,XIRECS,9993.0,2,-1,19986.0
773000,,,ASH_COATED_OSMIUM,XIRECS,9992.0,2,-1,19984.0
774300,,,ASH_COATED_OSMIUM,XIRECS,9995.0,9,-1,89955.0
776200,,,ASH_COATED_OSMIUM,XIRECS,10010.0,4,-1,40040.0
778300,,,ASH_COATED_OSMIUM,XIRECS,9994.0,5,-1,49970.0
778600,,,ASH_COATED_OSMIUM,XIRECS,10009.0,7,-1,70063.0
787800,,,ASH_COATED_OSMIUM,XIRECS,9992.0,3,-1,29976.0
792100,,,ASH_COATED_OSMIUM,XIRECS,9987.0,9,-1,89883.0
797000,,,ASH_COATED_OSMIUM,XIRECS,10003.0,2,-1,20006.0
799500,,,ASH_COATED_OSMIUM,XIRECS,9988.0,2,-1,19976.0
802300,,,ASH_COATED_OSMIUM,XIRECS,9986.0,6,-1,59916.0
805500,,,ASH_COATED_OSMIUM,XIRECS,9986.0,8,-1,79888.0
818800,,,ASH_COATED_OSMIUM,XIRECS,9988.0,2,-1,19976.0
821700,,,ASH_COATED_OSMIUM,XIRECS,10004.0,6,-1,60024.0
826700,,,ASH_COATED_OSMIUM,XIRECS,9982.0,6,-1,59892.0
827600,,,ASH_COATED_OSMIUM,XIRECS,9982.0,2,-1,19964.0
830500,,,ASH_COATED_OSMIUM,XIRECS,9998.0,3,-1,29994.0
830600,,,ASH_COATED_OSMIUM,XIRECS,9998.0,7,-1,69986.0
834000,,,ASH_COATED_OSMIUM,XIRECS,9992.0,3,-1,29976.0
835100,,,ASH_COATED_OSMIUM,XIRECS,10005.0,3,-1,30015.0
840600,,,ASH_COATED_OSMIUM,XIRECS,9988.0,2,-1,19976.0
842600,,,ASH_COATED_OSMIUM,XIRECS,10004.0,3,-1,30012.0
845900,,,ASH_COATED_OSMIUM,XIRECS,9989.0,9,-1,89901.0
847200,,,ASH_COATED_OSMIUM,XIRECS,9989.0,3,-1,29967.0
850900,,,ASH_COATED_OSMIUM,XIRECS,10004.0,5,-1,50020.0
852400,,,ASH_COATED_OSMIUM,XIRECS,9986.0,5,-1,49930.0
855000,,,ASH_COATED_OSMIUM,XIRECS,9989.0,4,-1,39956.0
861700,,,ASH_COATED_OSMIUM,XIRECS,9990.0,3,-1,29970.0
864700,,,ASH_COATED_OSMIUM,XIRECS,10008.0,6,-1,60048.0
865200,,,ASH_COATED_OSMIUM,XIRECS,10006.0,5,-1,50030.0
868300,,,ASH_COATED_OSMIUM,XIRECS,10008.0,4,-1,40032.0
871400,,,ASH_COATED_OSMIUM,XIRECS,9995.0,9,-1,89955.0
873900,,,ASH_COATED_OSMIUM,XIRECS,9992.0,5,-1,49960.0
874900,,,ASH_COATED_OSMIUM,XIRECS,9992.0,7,-1,69944.0
875600,,,ASH_COATED_OSMIUM,XIRECS,9992.0,4,-1,39968.0
875800,,,ASH_COATED_OSMIUM,XIRECS,9992.0,6,-1,59952.0
875900,,,ASH_COATED_OSMIUM,XIRECS,9992.0,6,-1,59952.0
881900,,,ASH_COATED_OSMIUM,XIRECS,10012.0,10,-1,100120.0
883100,,,ASH_COATED_OSMIUM,XIRECS,10010.0,2,-1,20020.0
884800,,,ASH_COATED_OSMIUM,XIRECS,10010.0,8,-1,80080.0
888100,,,ASH_COATED_OSMIUM,XIRECS,9991.0,6,-1,59946.0
888200,,,ASH_COATED_OSMIUM,XIRECS,9994.0,5,-1,49970.0
888600,,,ASH_COATED_OSMIUM,XIRECS,10010.0,2,-1,20020.0
891300,,,ASH_COATED_OSMIUM,XIRECS,10003.0,3,-1,30009.0
896700,,,ASH_COATED_OSMIUM,XIRECS,9993.0,3,-1,29979.0
896900,,,ASH_COATED_OSMIUM,XIRECS,10011.0,10,-1,100110.0
898000,,,ASH_COATED_OSMIUM,XIRECS,10009.0,10,-1,100090.0
898800,,,ASH_COATED_OSMIUM,XIRECS,10008.0,4,-1,40032.0
899100,,,ASH_COATED_OSMIUM,XIRECS,9992.0,9,-1,89928.0
899600,,,ASH_COATED_OSMIUM,XIRECS,10008.0,5,-1,50040.0
902700,,,ASH_COATED_OSMIUM,XIRECS,9987.0,4,-1,39948.0
904100,,,ASH_COATED_OSMIUM,XIRECS,9991.0,3,-1,29973.0
904700,,,ASH_COATED_OSMIUM,XIRECS,10005.0,6,-1,60030.0
907700,,,ASH_COATED_OSMIUM,XIRECS,10007.0,5,-1,50035.0
911300,,,ASH_COATED_OSMIUM,XIRECS,9990.0,6,-1,59940.0
912500,,,ASH_COATED_OSMIUM,XIRECS,10007.0,5,-1,50035.0
914500,,,ASH_COATED_OSMIUM,XIRECS,9986.0,10,-1,99860.0
914700,,,ASH_COATED_OSMIUM,XIRECS,10006.0,5,-1,50030.0
915600,,,ASH_COATED_OSMIUM,XIRECS,9990.0,5,-1,49950.0
917100,,,ASH_COATED_OSMIUM,XIRECS,9990.0,6,-1,59940.0
919000,,,ASH_COATED_OSMIUM,XIRECS,10005.0,3,-1,30015.0
920000,,,ASH_COATED_OSMIUM,XIRECS,10006.0,5,-1,50030.0
921500,,,ASH_COATED_OSMIUM,XIRECS,9989.0,4,-1,39956.0
922500,,,ASH_COATED_OSMIUM,XIRECS,9988.0,5,-1,49940.0
922600,,,ASH_COATED_OSMIUM,XIRECS,10008.0,3,-1,30024.0
925200,,,ASH_COATED_OSMIUM,XIRECS,9989.0,2,-1,19978.0
929800,,,ASH_COATED_OSMIUM,XIRECS,10004.0,3,-1,30012.0
934300,,,ASH_COATED_OSMIUM,XIRECS,9990.0,6,-1,59940.0
935000,,,ASH_COATED_OSMIUM,XIRECS,10007.0,5,-1,50035.0
935200,,,ASH_COATED_OSMIUM,XIRECS,10005.0,3,-1,30015.0
936400,,,ASH_COATED_OSMIUM,XIRECS,9987.0,3,-1,29961.0
936400,,,ASH_COATED_OSMIUM,XIRECS,10006.0,6,-1,60036.0
937900,,,ASH_COATED_OSMIUM,XIRECS,10006.0,2,-1,20012.0
939300,,,ASH_COATED_OSMIUM,XIRECS,10006.0,2,-1,20012.0
939400,,,ASH_COATED_OSMIUM,XIRECS,10008.0,3,-1,30024.0
939900,,,ASH_COATED_OSMIUM,XIRECS,9990.0,4,-1,39960.0
940300,,,ASH_COATED_OSMIUM,XIRECS,9990.0,6,-1,59940.0
940900,,,ASH_COATED_OSMIUM,XIRECS,9991.0,4,-1,39964.0
940900,,,ASH_COATED_OSMIUM,XIRECS,9991.0,9,-1,89919.0
948900,,,ASH_COATED_OSMIUM,XIRECS,9995.0,4,-1,39980.0
951500,,,ASH_COATED_OSMIUM,XIRECS,9996.0,6,-1,59976.0
952000,,,ASH_COATED_OSMIUM,XIRECS,9995.0,6,-1,59970.0
952900,,,ASH_COATED_OSMIUM,XIRECS,9992.0,9,-1,89928.0
954500,,,ASH_COATED_OSMIUM,XIRECS,9995.0,5,-1,49975.0
954800,,,ASH_COATED_OSMIUM,XIRECS,10010.0,5,-1,50050.0
954800,,,ASH_COATED_OSMIUM,XIRECS,9994.0,7,-1,69958.0
955200,,,ASH_COATED_OSMIUM,XIRECS,10010.0,6,-1,60060.0
955300,,,ASH_COATED_OSMIUM,XIRECS,9995.0,6,-1,59970.0
962100,,,ASH_COATED_OSMIUM,XIRECS,10015.0,5,-1,50075.0
968200,,,ASH_COATED_OSMIUM,XIRECS,9995.0,3,-1,29985.0
968700,,,ASH_COATED_OSMIUM,XIRECS,9994.0,6,-1,59964.0
969300,,,ASH_COATED_OSMIUM,XIRECS,9995.0,3,-1,29985.0
973300,,,ASH_COATED_OSMIUM,XIRECS,9994.0,2,-1,19988.0
983900,,,ASH_COATED_OSMIUM,XIRECS,10012.0,7,-1,70084.0
984200,,,ASH_COATED_OSMIUM,XIRECS,9996.0,2,-1,19992.0
987100,,,ASH_COATED_OSMIUM,XIRECS,9996.0,6,-1,59976.0
988000,,,ASH_COATED_OSMIUM,XIRECS,10011.0,6,-1,60066.0
988100,,,ASH_COATED_OSMIUM,XIRECS,10011.0,8,-1,80088.0
994100,,,ASH_COATED_OSMIUM,XIRECS,9993.0,10,-1,99930.0
995800,,,ASH_COATED_OSMIUM,XIRECS,9993.0,6,-1,59958.0
997100,,,ASH_COATED_OSMIUM,XIRECS,10009.0,6,-1,60054.0
997800,,,ASH_COATED_OSMIUM,XIRECS,9994.0,5,-1,49970.0
3000,,,INTARIAN_PEPPER_ROOT,XIRECS,10999.0,8,-1,87992.0
4200,,,INTARIAN_PEPPER_ROOT,XIRECS,10995.0,4,-1,43980.0
6300,,,INTARIAN_PEPPER_ROOT,XIRECS,11000.0,4,-1,44000.0
17900,,,INTARIAN_PEPPER_ROOT,XIRECS,11012.0,6,-1,66072.0
19700,,,INTARIAN_PEPPER_ROOT,XIRECS,11011.0,7,-1,77077.0
24100,,,INTARIAN_PEPPER_ROOT,XIRECS,11030.0,5,-1,55150.0
25800,,,INTARIAN_PEPPER_ROOT,XIRECS,11029.0,3,-1,33087.0
28200,,,INTARIAN_PEPPER_ROOT,XIRECS,11034.0,6,-1,66204.0
29100,,,INTARIAN_PEPPER_ROOT,XIRECS,11035.0,6,-1,66210.0
31600,,,INTARIAN_PEPPER_ROOT,XIRECS,11034.0,3,-1,33102.0
34900,,,INTARIAN_PEPPER_ROOT,XIRECS,11044.0,6,-1,66264.0
35000,,,INTARIAN_PEPPER_ROOT,XIRECS,11038.0,8,-1,88304.0
38500,,,INTARIAN_PEPPER_ROOT,XIRECS,11032.0,4,-1,44128.0
38700,,,INTARIAN_PEPPER_ROOT,XIRECS,11035.0,5,-1,55175.0
40000,,,INTARIAN_PEPPER_ROOT,XIRECS,11036.0,5,-1,55180.0
40300,,,INTARIAN_PEPPER_ROOT,XIRECS,11034.0,4,-1,44136.0
40400,,,INTARIAN_PEPPER_ROOT,XIRECS,11046.0,3,-1,33138.0
41900,,,INTARIAN_PEPPER_ROOT,XIRECS,11048.0,5,-1,55240.0
42700,,,INTARIAN_PEPPER_ROOT,XIRECS,11049.0,6,-1,66294.0
44800,,,INTARIAN_PEPPER_ROOT,XIRECS,11039.0,4,-1,44156.0
52900,,,INTARIAN_PEPPER_ROOT,XIRECS,11047.0,5,-1,55235.0
53100,,,INTARIAN_PEPPER_ROOT,XIRECS,11049.0,4,-1,44196.0
63900,,,INTARIAN_PEPPER_ROOT,XIRECS,11067.0,7,-1,77469.0
70500,,,INTARIAN_PEPPER_ROOT,XIRECS,11067.0,3,-1,33201.0
73900,,,INTARIAN_PEPPER_ROOT,XIRECS,11068.0,7,-1,77476.0
74000,,,INTARIAN_PEPPER_ROOT,XIRECS,11080.0,5,-1,55400.0
76800,,,INTARIAN_PEPPER_ROOT,XIRECS,11083.0,6,-1,66498.0
81000,,,INTARIAN_PEPPER_ROOT,XIRECS,11072.0,5,-1,55360.0
81700,,,INTARIAN_PEPPER_ROOT,XIRECS,11088.0,6,-1,66528.0
81900,,,INTARIAN_PEPPER_ROOT,XIRECS,11088.0,5,-1,55440.0
83100,,,INTARIAN_PEPPER_ROOT,XIRECS,11089.0,7,-1,77623.0
88700,,,INTARIAN_PEPPER_ROOT,XIRECS,11083.0,3,-1,33249.0
88800,,,INTARIAN_PEPPER_ROOT,XIRECS,11083.0,3,-1,33249.0
94600,,,INTARIAN_PEPPER_ROOT,XIRECS,11091.0,7,-1,77637.0
98400,,,INTARIAN_PEPPER_ROOT,XIRECS,11104.0,3,-1,33312.0
99400,,,INTARIAN_PEPPER_ROOT,XIRECS,11096.0,8,-1,88768.0
101000,,,INTARIAN_PEPPER_ROOT,XIRECS,11097.0,4,-1,44388.0
108800,,,INTARIAN_PEPPER_ROOT,XIRECS,11115.0,5,-1,55575.0
113600,,,INTARIAN_PEPPER_ROOT,XIRECS,11111.0,4,-1,44444.0
120600,,,INTARIAN_PEPPER_ROOT,XIRECS,11115.0,6,-1,66690.0
121900,,,INTARIAN_PEPPER_ROOT,XIRECS,11128.0,4,-1,44512.0
122600,,,INTARIAN_PEPPER_ROOT,XIRECS,11117.0,7,-1,77819.0
123400,,,INTARIAN_PEPPER_ROOT,XIRECS,11132.0,5,-1,55660.0
124900,,,INTARIAN_PEPPER_ROOT,XIRECS,11119.0,6,-1,66714.0
125400,,,INTARIAN_PEPPER_ROOT,XIRECS,11131.0,7,-1,77917.0
128000,,,INTARIAN_PEPPER_ROOT,XIRECS,11122.0,7,-1,77854.0
128700,,,INTARIAN_PEPPER_ROOT,XIRECS,11125.0,3,-1,33375.0
131500,,,INTARIAN_PEPPER_ROOT,XIRECS,11125.0,3,-1,33375.0
132200,,,INTARIAN_PEPPER_ROOT,XIRECS,11126.0,7,-1,77882.0
133100,,,INTARIAN_PEPPER_ROOT,XIRECS,11139.0,6,-1,66834.0
136100,,,INTARIAN_PEPPER_ROOT,XIRECS,11132.0,6,-1,66792.0
139300,,,INTARIAN_PEPPER_ROOT,XIRECS,11133.0,4,-1,44532.0
139400,,,INTARIAN_PEPPER_ROOT,XIRECS,11133.0,7,-1,77931.0
139600,,,INTARIAN_PEPPER_ROOT,XIRECS,11146.0,6,-1,66876.0
139800,,,INTARIAN_PEPPER_ROOT,XIRECS,11134.0,7,-1,77938.0
141200,,,INTARIAN_PEPPER_ROOT,XIRECS,11147.0,6,-1,66882.0
147000,,,INTARIAN_PEPPER_ROOT,XIRECS,11153.0,7,-1,78071.0
148700,,,INTARIAN_PEPPER_ROOT,XIRECS,11145.0,6,-1,66870.0
157200,,,INTARIAN_PEPPER_ROOT,XIRECS,11163.0,4,-1,44652.0
161800,,,INTARIAN_PEPPER_ROOT,XIRECS,11165.0,6,-1,66990.0
170300,,,INTARIAN_PEPPER_ROOT,XIRECS,11176.0,7,-1,78232.0
174000,,,INTARIAN_PEPPER_ROOT,XIRECS,11165.0,7,-1,78155.0
178800,,,INTARIAN_PEPPER_ROOT,XIRECS,11185.0,4,-1,44740.0
184800,,,INTARIAN_PEPPER_ROOT,XIRECS,11188.0,7,-1,78316.0
186800,,,INTARIAN_PEPPER_ROOT,XIRECS,11196.0,7,-1,78372.0
187000,,,INTARIAN_PEPPER_ROOT,XIRECS,11196.0,3,-1,33588.0
191300,,,INTARIAN_PEPPER_ROOT,XIRECS,11185.0,7,-1,78295.0
208300,,,INTARIAN_PEPPER_ROOT,XIRECS,11214.0,7,-1,78498.0
211700,,,INTARIAN_PEPPER_ROOT,XIRECS,11206.0,4,-1,44824.0
215300,,,INTARIAN_PEPPER_ROOT,XIRECS,11211.0,5,-1,56055.0
218900,,,INTARIAN_PEPPER_ROOT,XIRECS,11225.0,3,-1,33675.0
222800,,,INTARIAN_PEPPER_ROOT,XIRECS,11217.0,4,-1,44868.0
228300,,,INTARIAN_PEPPER_ROOT,XIRECS,11234.0,3,-1,33702.0
229500,,,INTARIAN_PEPPER_ROOT,XIRECS,11223.0,4,-1,44892.0
232900,,,INTARIAN_PEPPER_ROOT,XIRECS,11239.0,4,-1,44956.0
235100,,,INTARIAN_PEPPER_ROOT,XIRECS,11238.0,6,-1,67428.0
241200,,,INTARIAN_PEPPER_ROOT,XIRECS,11244.0,6,-1,67464.0
243200,,,INTARIAN_PEPPER_ROOT,XIRECS,11249.0,5,-1,56245.0
245300,,,INTARIAN_PEPPER_ROOT,XIRECS,11239.0,6,-1,67434.0
245500,,,INTARIAN_PEPPER_ROOT,XIRECS,11252.0,6,-1,67512.0
251900,,,INTARIAN_PEPPER_ROOT,XIRECS,11255.0,8,-1,90040.0
259200,,,INTARIAN_PEPPER_ROOT,XIRECS,11265.0,7,-1,78855.0
263800,,,INTARIAN_PEPPER_ROOT,XIRECS,11258.0,6,-1,67548.0
263900,,,INTARIAN_PEPPER_ROOT,XIRECS,11258.0,6,-1,67548.0
269600,,,INTARIAN_PEPPER_ROOT,XIRECS,11263.0,7,-1,78841.0
272700,,,INTARIAN_PEPPER_ROOT,XIRECS,11269.0,6,-1,67614.0
273300,,,INTARIAN_PEPPER_ROOT,XIRECS,11264.0,5,-1,56320.0
273700,,,INTARIAN_PEPPER_ROOT,XIRECS,11268.0,3,-1,33804.0
275900,,,INTARIAN_PEPPER_ROOT,XIRECS,11270.0,7,-1,78890.0
276000,,,INTARIAN_PEPPER_ROOT,XIRECS,11272.0,6,-1,67632.0
282100,,,INTARIAN_PEPPER_ROOT,XIRECS,11285.0,4,-1,45140.0
283800,,,INTARIAN_PEPPER_ROOT,XIRECS,11287.0,6,-1,67722.0
287400,,,INTARIAN_PEPPER_ROOT,XIRECS,11290.0,5,-1,56450.0
289600,,,INTARIAN_PEPPER_ROOT,XIRECS,11296.0,7,-1,79072.0
298800,,,INTARIAN_PEPPER_ROOT,XIRECS,11302.0,7,-1,79114.0
301200,,,INTARIAN_PEPPER_ROOT,XIRECS,11297.0,8,-1,90376.0
302500,,,INTARIAN_PEPPER_ROOT,XIRECS,11299.0,8,-1,90392.0
303200,,,INTARIAN_PEPPER_ROOT,XIRECS,11297.0,7,-1,79079.0
309100,,,INTARIAN_PEPPER_ROOT,XIRECS,11300.0,5,-1,56500.0
309700,,,INTARIAN_PEPPER_ROOT,XIRECS,11316.0,6,-1,67896.0
316600,,,INTARIAN_PEPPER_ROOT,XIRECS,11310.0,4,-1,45240.0
320500,,,INTARIAN_PEPPER_ROOT,XIRECS,11317.0,3,-1,33951.0
324600,,,INTARIAN_PEPPER_ROOT,XIRECS,11318.0,4,-1,45272.0
325100,,,INTARIAN_PEPPER_ROOT,XIRECS,11319.0,5,-1,56595.0
329700,,,INTARIAN_PEPPER_ROOT,XIRECS,11326.0,4,-1,45304.0
337700,,,INTARIAN_PEPPER_ROOT,XIRECS,11344.0,4,-1,45376.0
350500,,,INTARIAN_PEPPER_ROOT,XIRECS,11347.0,5,-1,56735.0
350900,,,INTARIAN_PEPPER_ROOT,XIRECS,11345.0,4,-1,45380.0
351600,,,INTARIAN_PEPPER_ROOT,XIRECS,11361.0,4,-1,45444.0
359500,,,INTARIAN_PEPPER_ROOT,XIRECS,11366.0,3,-1,34098.0
363600,,,INTARIAN_PEPPER_ROOT,XIRECS,11357.0,7,-1,79499.0
363800,,,INTARIAN_PEPPER_ROOT,XIRECS,11358.0,7,-1,79506.0
367800,,,INTARIAN_PEPPER_ROOT,XIRECS,11371.0,5,-1,56855.0
369200,,,INTARIAN_PEPPER_ROOT,XIRECS,11363.0,3,-1,34089.0
371200,,,INTARIAN_PEPPER_ROOT,XIRECS,11365.0,7,-1,79555.0
371400,,,INTARIAN_PEPPER_ROOT,XIRECS,11365.0,7,-1,79555.0
378200,,,INTARIAN_PEPPER_ROOT,XIRECS,11387.0,3,-1,34161.0
384200,,,INTARIAN_PEPPER_ROOT,XIRECS,11390.0,6,-1,68340.0
388700,,,INTARIAN_PEPPER_ROOT,XIRECS,11395.0,5,-1,56975.0
393200,,,INTARIAN_PEPPER_ROOT,XIRECS,11389.0,6,-1,68334.0
398800,,,INTARIAN_PEPPER_ROOT,XIRECS,11395.0,5,-1,56975.0
399000,,,INTARIAN_PEPPER_ROOT,XIRECS,11395.0,7,-1,79765.0
400000,,,INTARIAN_PEPPER_ROOT,XIRECS,11394.0,7,-1,79758.0
405100,,,INTARIAN_PEPPER_ROOT,XIRECS,11411.0,5,-1,57055.0
406700,,,INTARIAN_PEPPER_ROOT,XIRECS,11413.0,7,-1,79891.0
407300,,,INTARIAN_PEPPER_ROOT,XIRECS,11410.0,6,-1,68460.0
409300,,,INTARIAN_PEPPER_ROOT,XIRECS,11405.0,5,-1,57025.0
412600,,,INTARIAN_PEPPER_ROOT,XIRECS,11406.0,7,-1,79842.0
413500,,,INTARIAN_PEPPER_ROOT,XIRECS,11420.0,3,-1,34260.0
415700,,,INTARIAN_PEPPER_ROOT,XIRECS,11409.0,7,-1,79863.0
417900,,,INTARIAN_PEPPER_ROOT,XIRECS,11412.0,6,-1,68472.0
420600,,,INTARIAN_PEPPER_ROOT,XIRECS,11414.0,7,-1,79898.0
421100,,,INTARIAN_PEPPER_ROOT,XIRECS,11415.0,3,-1,34245.0
423200,,,INTARIAN_PEPPER_ROOT,XIRECS,11417.0,6,-1,68502.0
424800,,,INTARIAN_PEPPER_ROOT,XIRECS,11421.0,6,-1,68526.0
429600,,,INTARIAN_PEPPER_ROOT,XIRECS,11426.0,3,-1,34278.0
431600,,,INTARIAN_PEPPER_ROOT,XIRECS,11425.0,7,-1,79975.0
432100,,,INTARIAN_PEPPER_ROOT,XIRECS,11435.0,6,-1,68610.0
432300,,,INTARIAN_PEPPER_ROOT,XIRECS,11426.0,7,-1,79982.0
435500,,,INTARIAN_PEPPER_ROOT,XIRECS,11438.0,5,-1,57190.0
436500,,,INTARIAN_PEPPER_ROOT,XIRECS,11430.0,3,-1,34290.0
453500,,,INTARIAN_PEPPER_ROOT,XIRECS,11450.0,7,-1,80150.0
455400,,,INTARIAN_PEPPER_ROOT,XIRECS,11464.0,5,-1,57320.0
457500,,,INTARIAN_PEPPER_ROOT,XIRECS,11464.0,5,-1,57320.0
457600,,,INTARIAN_PEPPER_ROOT,XIRECS,11464.0,4,-1,45856.0
460000,,,INTARIAN_PEPPER_ROOT,XIRECS,11454.0,6,-1,68724.0
460700,,,INTARIAN_PEPPER_ROOT,XIRECS,11464.0,7,-1,80248.0
464100,,,INTARIAN_PEPPER_ROOT,XIRECS,11458.0,6,-1,68748.0
465200,,,INTARIAN_PEPPER_ROOT,XIRECS,11468.0,5,-1,57340.0
469000,,,INTARIAN_PEPPER_ROOT,XIRECS,11475.0,7,-1,80325.0
470900,,,INTARIAN_PEPPER_ROOT,XIRECS,11465.0,7,-1,80255.0
479500,,,INTARIAN_PEPPER_ROOT,XIRECS,11473.0,3,-1,34419.0
484200,,,INTARIAN_PEPPER_ROOT,XIRECS,11478.0,6,-1,68868.0
487200,,,INTARIAN_PEPPER_ROOT,XIRECS,11493.0,6,-1,68958.0
488700,,,INTARIAN_PEPPER_ROOT,XIRECS,11495.0,3,-1,34485.0
488800,,,INTARIAN_PEPPER_ROOT,XIRECS,11483.0,5,-1,57415.0
494600,,,INTARIAN_PEPPER_ROOT,XIRECS,11485.0,5,-1,57425.0
494900,,,INTARIAN_PEPPER_ROOT,XIRECS,11501.0,3,-1,34503.0
497200,,,INTARIAN_PEPPER_ROOT,XIRECS,11488.0,4,-1,45952.0
497800,,,INTARIAN_PEPPER_ROOT,XIRECS,11504.0,5,-1,57520.0
498800,,,INTARIAN_PEPPER_ROOT,XIRECS,11502.0,3,-1,34506.0
500300,,,INTARIAN_PEPPER_ROOT,XIRECS,11507.0,6,-1,69042.0
503800,,,INTARIAN_PEPPER_ROOT,XIRECS,11510.0,4,-1,46040.0
504900,,,INTARIAN_PEPPER_ROOT,XIRECS,11499.0,4,-1,45996.0
507700,,,INTARIAN_PEPPER_ROOT,XIRECS,11501.0,6,-1,69006.0
508700,,,INTARIAN_PEPPER_ROOT,XIRECS,11515.0,5,-1,57575.0
508800,,,INTARIAN_PEPPER_ROOT,XIRECS,11515.0,5,-1,57575.0
509600,,,INTARIAN_PEPPER_ROOT,XIRECS,11503.0,4,-1,46012.0
512100,,,INTARIAN_PEPPER_ROOT,XIRECS,11515.0,6,-1,69090.0
513000,,,INTARIAN_PEPPER_ROOT,XIRECS,11509.0,7,-1,80563.0
514300,,,INTARIAN_PEPPER_ROOT,XIRECS,11517.0,6,-1,69102.0
516700,,,INTARIAN_PEPPER_ROOT,XIRECS,11523.0,6,-1,69138.0
517700,,,INTARIAN_PEPPER_ROOT,XIRECS,11511.0,7,-1,80577.0
519200,,,INTARIAN_PEPPER_ROOT,XIRECS,11513.0,6,-1,69078.0
523400,,,INTARIAN_PEPPER_ROOT,XIRECS,11517.0,6,-1,69102.0
524600,,,INTARIAN_PEPPER_ROOT,XIRECS,11521.0,3,-1,34563.0
524700,,,INTARIAN_PEPPER_ROOT,XIRECS,11528.0,7,-1,80696.0
525500,,,INTARIAN_PEPPER_ROOT,XIRECS,11516.0,6,-1,69096.0
529400,,,INTARIAN_PEPPER_ROOT,XIRECS,11536.0,3,-1,34608.0
534000,,,INTARIAN_PEPPER_ROOT,XIRECS,11537.0,4,-1,46148.0
534100,,,INTARIAN_PEPPER_ROOT,XIRECS,11537.0,4,-1,46148.0
537800,,,INTARIAN_PEPPER_ROOT,XIRECS,11541.0,7,-1,80787.0
543100,,,INTARIAN_PEPPER_ROOT,XIRECS,11549.0,5,-1,57745.0
544200,,,INTARIAN_PEPPER_ROOT,XIRECS,11535.0,3,-1,34605.0
547500,,,INTARIAN_PEPPER_ROOT,XIRECS,11541.0,6,-1,69246.0
547800,,,INTARIAN_PEPPER_ROOT,XIRECS,11557.0,5,-1,57785.0
552200,,,INTARIAN_PEPPER_ROOT,XIRECS,11548.0,3,-1,34644.0
553200,,,INTARIAN_PEPPER_ROOT,XIRECS,11547.0,5,-1,57735.0
555400,,,INTARIAN_PEPPER_ROOT,XIRECS,11558.0,4,-1,46232.0
564100,,,INTARIAN_PEPPER_ROOT,XIRECS,11558.0,7,-1,80906.0
574600,,,INTARIAN_PEPPER_ROOT,XIRECS,11578.0,8,-1,92624.0
574700,,,INTARIAN_PEPPER_ROOT,XIRECS,11581.0,6,-1,69486.0
576500,,,INTARIAN_PEPPER_ROOT,XIRECS,11570.0,5,-1,57850.0
586900,,,INTARIAN_PEPPER_ROOT,XIRECS,11590.0,7,-1,81130.0
590700,,,INTARIAN_PEPPER_ROOT,XIRECS,11594.0,8,-1,92752.0
591600,,,INTARIAN_PEPPER_ROOT,XIRECS,11588.0,7,-1,81116.0
593200,,,INTARIAN_PEPPER_ROOT,XIRECS,11589.0,4,-1,46356.0
597100,,,INTARIAN_PEPPER_ROOT,XIRECS,11603.0,6,-1,69618.0
599600,,,INTARIAN_PEPPER_ROOT,XIRECS,11606.0,4,-1,46424.0
602300,,,INTARIAN_PEPPER_ROOT,XIRECS,11596.0,3,-1,34788.0
605800,,,INTARIAN_PEPPER_ROOT,XIRECS,11597.0,5,-1,57985.0
607000,,,INTARIAN_PEPPER_ROOT,XIRECS,11603.0,4,-1,46412.0
611100,,,INTARIAN_PEPPER_ROOT,XIRECS,11617.0,5,-1,58085.0
617800,,,INTARIAN_PEPPER_ROOT,XIRECS,11611.0,6,-1,69666.0
620100,,,INTARIAN_PEPPER_ROOT,XIRECS,11614.0,6,-1,69684.0
622100,,,INTARIAN_PEPPER_ROOT,XIRECS,11616.0,7,-1,81312.0
623600,,,INTARIAN_PEPPER_ROOT,XIRECS,11617.0,3,-1,34851.0
627500,,,INTARIAN_PEPPER_ROOT,XIRECS,11634.0,4,-1,46536.0
628200,,,INTARIAN_PEPPER_ROOT,XIRECS,11622.0,5,-1,58110.0
630300,,,INTARIAN_PEPPER_ROOT,XIRECS,11637.0,4,-1,46548.0
631800,,,INTARIAN_PEPPER_ROOT,XIRECS,11625.0,7,-1,81375.0
636700,,,INTARIAN_PEPPER_ROOT,XIRECS,11643.0,5,-1,58215.0
639300,,,INTARIAN_PEPPER_ROOT,XIRECS,11642.0,6,-1,69852.0
640900,,,INTARIAN_PEPPER_ROOT,XIRECS,11644.0,5,-1,58220.0
641400,,,INTARIAN_PEPPER_ROOT,XIRECS,11648.0,3,-1,34944.0
651200,,,INTARIAN_PEPPER_ROOT,XIRECS,11645.0,7,-1,81515.0
652400,,,INTARIAN_PEPPER_ROOT,XIRECS,11659.0,5,-1,58295.0
655200,,,INTARIAN_PEPPER_ROOT,XIRECS,11649.0,5,-1,58245.0
657600,,,INTARIAN_PEPPER_ROOT,XIRECS,11651.0,5,-1,58255.0
659100,,,INTARIAN_PEPPER_ROOT,XIRECS,11655.0,5,-1,58275.0
663600,,,INTARIAN_PEPPER_ROOT,XIRECS,11657.0,4,-1,46628.0
665000,,,INTARIAN_PEPPER_ROOT,XIRECS,11671.0,7,-1,81697.0
666000,,,INTARIAN_PEPPER_ROOT,XIRECS,11672.0,4,-1,46688.0
668200,,,INTARIAN_PEPPER_ROOT,XIRECS,11662.0,6,-1,69972.0
671000,,,INTARIAN_PEPPER_ROOT,XIRECS,11674.0,6,-1,70044.0
671600,,,INTARIAN_PEPPER_ROOT,XIRECS,11668.0,3,-1,35004.0
679900,,,INTARIAN_PEPPER_ROOT,XIRECS,11689.0,4,-1,46756.0
685900,,,INTARIAN_PEPPER_ROOT,XIRECS,11680.0,5,-1,58400.0
686100,,,INTARIAN_PEPPER_ROOT,XIRECS,11682.0,3,-1,35046.0
689500,,,INTARIAN_PEPPER_ROOT,XIRECS,11683.0,6,-1,70098.0
689700,,,INTARIAN_PEPPER_ROOT,XIRECS,11686.0,4,-1,46744.0
690800,,,INTARIAN_PEPPER_ROOT,XIRECS,11697.0,7,-1,81879.0
695800,,,INTARIAN_PEPPER_ROOT,XIRECS,11689.0,4,-1,46756.0
696400,,,INTARIAN_PEPPER_ROOT,XIRECS,11690.0,5,-1,58450.0
700000,,,INTARIAN_PEPPER_ROOT,XIRECS,11709.0,5,-1,58545.0
704100,,,INTARIAN_PEPPER_ROOT,XIRECS,11700.0,8,-1,93600.0
706500,,,INTARIAN_PEPPER_ROOT,XIRECS,11710.0,6,-1,70260.0
707200,,,INTARIAN_PEPPER_ROOT,XIRECS,11701.0,6,-1,70206.0
709600,,,INTARIAN_PEPPER_ROOT,XIRECS,11706.0,5,-1,58530.0
709800,,,INTARIAN_PEPPER_ROOT,XIRECS,11706.0,6,-1,70236.0
716700,,,INTARIAN_PEPPER_ROOT,XIRECS,11723.0,5,-1,58615.0
719200,,,INTARIAN_PEPPER_ROOT,XIRECS,11713.0,3,-1,35139.0
721400,,,INTARIAN_PEPPER_ROOT,XIRECS,11715.0,3,-1,35145.0
727600,,,INTARIAN_PEPPER_ROOT,XIRECS,11724.0,3,-1,35172.0
728300,,,INTARIAN_PEPPER_ROOT,XIRECS,11731.0,6,-1,70386.0
730200,,,INTARIAN_PEPPER_ROOT,XIRECS,11721.0,7,-1,82047.0
732700,,,INTARIAN_PEPPER_ROOT,XIRECS,11726.0,6,-1,70356.0
734100,,,INTARIAN_PEPPER_ROOT,XIRECS,11728.0,3,-1,35184.0
736500,,,INTARIAN_PEPPER_ROOT,XIRECS,11730.0,4,-1,46920.0
747600,,,INTARIAN_PEPPER_ROOT,XIRECS,11741.0,4,-1,46964.0
748900,,,INTARIAN_PEPPER_ROOT,XIRECS,11755.0,3,-1,35265.0
750300,,,INTARIAN_PEPPER_ROOT,XIRECS,11757.0,6,-1,70542.0
754300,,,INTARIAN_PEPPER_ROOT,XIRECS,11748.0,3,-1,35244.0
757000,,,INTARIAN_PEPPER_ROOT,XIRECS,11751.0,4,-1,47004.0
757600,,,INTARIAN_PEPPER_ROOT,XIRECS,11767.0,3,-1,35301.0
758400,,,INTARIAN_PEPPER_ROOT,XIRECS,11765.0,3,-1,35295.0
760500,,,INTARIAN_PEPPER_ROOT,XIRECS,11767.0,3,-1,35301.0
760600,,,INTARIAN_PEPPER_ROOT,XIRECS,11757.0,3,-1,35271.0
763700,,,INTARIAN_PEPPER_ROOT,XIRECS,11770.0,3,-1,35310.0
770100,,,INTARIAN_PEPPER_ROOT,XIRECS,11764.0,6,-1,70584.0
772500,,,INTARIAN_PEPPER_ROOT,XIRECS,11766.0,5,-1,58830.0
772900,,,INTARIAN_PEPPER_ROOT,XIRECS,11767.0,4,-1,47068.0
775000,,,INTARIAN_PEPPER_ROOT,XIRECS,11766.0,3,-1,35298.0
775200,,,INTARIAN_PEPPER_ROOT,XIRECS,11769.0,7,-1,82383.0
778000,,,INTARIAN_PEPPER_ROOT,XIRECS,11780.0,6,-1,70680.0
778200,,,INTARIAN_PEPPER_ROOT,XIRECS,11772.0,6,-1,70632.0
780700,,,INTARIAN_PEPPER_ROOT,XIRECS,11777.0,7,-1,82439.0
783500,,,INTARIAN_PEPPER_ROOT,XIRECS,11790.0,6,-1,70740.0
785700,,,INTARIAN_PEPPER_ROOT,XIRECS,11782.0,6,-1,70692.0
791000,,,INTARIAN_PEPPER_ROOT,XIRECS,11787.0,8,-1,94296.0
791600,,,INTARIAN_PEPPER_ROOT,XIRECS,11785.0,4,-1,47140.0
795600,,,INTARIAN_PEPPER_ROOT,XIRECS,11802.0,5,-1,59010.0
795700,,,INTARIAN_PEPPER_ROOT,XIRECS,11799.0,7,-1,82593.0
805800,,,INTARIAN_PEPPER_ROOT,XIRECS,11799.0,5,-1,58995.0
807000,,,INTARIAN_PEPPER_ROOT,XIRECS,11801.0,4,-1,47204.0
807700,,,INTARIAN_PEPPER_ROOT,XIRECS,11801.0,7,-1,82607.0
816800,,,INTARIAN_PEPPER_ROOT,XIRECS,11823.0,7,-1,82761.0
818000,,,INTARIAN_PEPPER_ROOT,XIRECS,11812.0,6,-1,70872.0
820500,,,INTARIAN_PEPPER_ROOT,XIRECS,11811.0,7,-1,82677.0
823900,,,INTARIAN_PEPPER_ROOT,XIRECS,11817.0,6,-1,70902.0
829300,,,INTARIAN_PEPPER_ROOT,XIRECS,11832.0,6,-1,70992.0
830900,,,INTARIAN_PEPPER_ROOT,XIRECS,11827.0,7,-1,82789.0
832800,,,INTARIAN_PEPPER_ROOT,XIRECS,11826.0,7,-1,82782.0
834800,,,INTARIAN_PEPPER_ROOT,XIRECS,11828.0,5,-1,59140.0
839400,,,INTARIAN_PEPPER_ROOT,XIRECS,11849.0,3,-1,35547.0
846300,,,INTARIAN_PEPPER_ROOT,XIRECS,11840.0,3,-1,35520.0
846600,,,INTARIAN_PEPPER_ROOT,XIRECS,11840.0,5,-1,59200.0
847400,,,INTARIAN_PEPPER_ROOT,XIRECS,11843.0,7,-1,82901.0
851900,,,INTARIAN_PEPPER_ROOT,XIRECS,11848.0,4,-1,47392.0
856800,,,INTARIAN_PEPPER_ROOT,XIRECS,11853.0,8,-1,94824.0
859800,,,INTARIAN_PEPPER_ROOT,XIRECS,11863.0,4,-1,47452.0
862300,,,INTARIAN_PEPPER_ROOT,XIRECS,11869.0,5,-1,59345.0
865100,,,INTARIAN_PEPPER_ROOT,XIRECS,11859.0,5,-1,59295.0
865600,,,INTARIAN_PEPPER_ROOT,XIRECS,11869.0,8,-1,94952.0
866000,,,INTARIAN_PEPPER_ROOT,XIRECS,11860.0,6,-1,71160.0
869500,,,INTARIAN_PEPPER_ROOT,XIRECS,11876.0,7,-1,83132.0
870000,,,INTARIAN_PEPPER_ROOT,XIRECS,11876.0,6,-1,71256.0
870300,,,INTARIAN_PEPPER_ROOT,XIRECS,11864.0,6,-1,71184.0
870700,,,INTARIAN_PEPPER_ROOT,XIRECS,11877.0,6,-1,71262.0
881400,,,INTARIAN_PEPPER_ROOT,XIRECS,11875.0,6,-1,71250.0
881500,,,INTARIAN_PEPPER_ROOT,XIRECS,11888.0,4,-1,47552.0
886200,,,INTARIAN_PEPPER_ROOT,XIRECS,11893.0,7,-1,83251.0
893300,,,INTARIAN_PEPPER_ROOT,XIRECS,11896.0,5,-1,59480.0
896500,,,INTARIAN_PEPPER_ROOT,XIRECS,11900.0,3,-1,35700.0
897900,,,INTARIAN_PEPPER_ROOT,XIRECS,11901.0,5,-1,59505.0
901200,,,INTARIAN_PEPPER_ROOT,XIRECS,11904.0,4,-1,47616.0
905100,,,INTARIAN_PEPPER_ROOT,XIRECS,11912.0,6,-1,71472.0
912400,,,INTARIAN_PEPPER_ROOT,XIRECS,11906.0,7,-1,83342.0
913600,,,INTARIAN_PEPPER_ROOT,XIRECS,11910.0,6,-1,71460.0
918300,,,INTARIAN_PEPPER_ROOT,XIRECS,11921.0,3,-1,35763.0
918900,,,INTARIAN_PEPPER_ROOT,XIRECS,11925.0,3,-1,35775.0
928500,,,INTARIAN_PEPPER_ROOT,XIRECS,11935.0,3,-1,35805.0
933200,,,INTARIAN_PEPPER_ROOT,XIRECS,11924.0,3,-1,35772.0
938200,,,INTARIAN_PEPPER_ROOT,XIRECS,11934.0,3,-1,35802.0
941600,,,INTARIAN_PEPPER_ROOT,XIRECS,11935.0,5,-1,59675.0
944100,,,INTARIAN_PEPPER_ROOT,XIRECS,11951.0,3,-1,35853.0
944400,,,INTARIAN_PEPPER_ROOT,XIRECS,11954.0,7,-1,83678.0
945800,,,INTARIAN_PEPPER_ROOT,XIRECS,11949.0,3,-1,35847.0
947600,,,INTARIAN_PEPPER_ROOT,XIRECS,11941.0,7,-1,83587.0
949400,,,INTARIAN_PEPPER_ROOT,XIRECS,11945.0,6,-1,71670.0
951800,,,INTARIAN_PEPPER_ROOT,XIRECS,11961.0,6,-1,71766.0
952100,,,INTARIAN_PEPPER_ROOT,XIRECS,11946.0,4,-1,47784.0
958000,,,INTARIAN_PEPPER_ROOT,XIRECS,11964.0,3,-1,35892.0
963100,,,INTARIAN_PEPPER_ROOT,XIRECS,11966.0,5,-1,59830.0
965400,,,INTARIAN_PEPPER_ROOT,XIRECS,11959.0,5,-1,59795.0
968200,,,INTARIAN_PEPPER_ROOT,XIRECS,11962.0,7,-1,83734.0
974400,,,INTARIAN_PEPPER_ROOT,XIRECS,11977.0,5,-1,59885.0
976100,,,INTARIAN_PEPPER_ROOT,XIRECS,11970.0,3,-1,35910.0
976700,,,INTARIAN_PEPPER_ROOT,XIRECS,11970.0,6,-1,71820.0
984400,,,INTARIAN_PEPPER_ROOT,XIRECS,11991.0,3,-1,35973.0
985200,,,INTARIAN_PEPPER_ROOT,XIRECS,11992.0,5,-1,59960.0
991300,,,INTARIAN_PEPPER_ROOT,XIRECS,11985.0,7,-1,83895.0
991500,,,INTARIAN_PEPPER_ROOT,XIRECS,12001.0,6,-1,72006.0
995200,,,INTARIAN_PEPPER_ROOT,XIRECS,11989.0,4,-1,47956.0
998300,,,INTARIAN_PEPPER_ROOT,XIRECS,12005.0,6,-1,72030.0
6300,,,ASH_COATED_OSMIUM,XIRECS,10009.0,5,0,50045.0
7000,,,ASH_COATED_OSMIUM,XIRECS,10008.0,4,0,40032.0
7100,,,ASH_COATED_OSMIUM,XIRECS,10008.0,3,0,30024.0
8600,,,ASH_COATED_OSMIUM,XIRECS,10008.0,5,0,50040.0
9300,,,ASH_COATED_OSMIUM,XIRECS,9992.0,7,0,69944.0
9700,,,ASH_COATED_OSMIUM,XIRECS,10009.0,5,0,50045.0
12500,,,ASH_COATED_OSMIUM,XIRECS,10013.0,10,0,100130.0
12600,,,ASH_COATED_OSMIUM,XIRECS,10011.0,9,0,90099.0
17700,,,ASH_COATED_OSMIUM,XIRECS,10009.0,5,0,50045.0
21200,,,ASH_COATED_OSMIUM,XIRECS,10008.0,10,0,100080.0
22000,,,ASH_COATED_OSMIUM,XIRECS,9993.0,5,0,49965.0
22700,,,ASH_COATED_OSMIUM,XIRECS,9994.0,9,0,89946.0
23200,,,ASH_COATED_OSMIUM,XIRECS,9993.0,6,0,59958.0
23600,,,ASH_COATED_OSMIUM,XIRECS,9990.0,6,0,59940.0
24600,,,ASH_COATED_OSMIUM,XIRECS,10008.0,5,0,50040.0
30100,,,ASH_COATED_OSMIUM,XIRECS,10009.0,5,0,50045.0
31500,,,ASH_COATED_OSMIUM,XIRECS,9993.0,10,0,99930.0
33800,,,ASH_COATED_OSMIUM,XIRECS,10010.0,4,0,40040.0
35100,,,ASH_COATED_OSMIUM,XIRECS,9993.0,7,0,69951.0
37300,,,ASH_COATED_OSMIUM,XIRECS,10008.0,7,0,70056.0
40500,,,ASH_COATED_OSMIUM,XIRECS,10009.0,8,0,80072.0
41100,,,ASH_COATED_OSMIUM,XIRECS,9993.0,6,0,59958.0
41900,,,ASH_COATED_OSMIUM,XIRECS,9993.0,6,0,59958.0
46300,,,ASH_COATED_OSMIUM,XIRECS,9992.0,4,0,39968.0
52500,,,ASH_COATED_OSMIUM,XIRECS,10006.0,5,0,50030.0
56500,,,ASH_COATED_OSMIUM,XIRECS,9985.0,2,0,19970.0
58200,,,ASH_COATED_OSMIUM,XIRECS,10003.0,6,0,60018.0
59500,,,ASH_COATED_OSMIUM,XIRECS,10002.0,5,0,50010.0
60800,,,ASH_COATED_OSMIUM,XIRECS,10003.0,8,0,80024.0
61800,,,ASH_COATED_OSMIUM,XIRECS,10005.0,5,0,50025.0
62200,,,ASH_COATED_OSMIUM,XIRECS,9999.0,3,0,29997.0
62300,,,ASH_COATED_OSMIUM,XIRECS,10005.0,2,0,20010.0
62800,,,ASH_COATED_OSMIUM,XIRECS,10005.0,9,0,90045.0
68000,,,ASH_COATED_OSMIUM,XIRECS,10005.0,5,0,50025.0
71300,,,ASH_COATED_OSMIUM,XIRECS,9989.0,10,0,99890.0
78300,,,ASH_COATED_OSMIUM,XIRECS,9994.0,2,0,19988.0
79400,,,ASH_COATED_OSMIUM,XIRECS,10013.0,4,0,40052.0
79600,,,ASH_COATED_OSMIUM,XIRECS,10010.0,5,0,50050.0
81400,,,ASH_COATED_OSMIUM,XIRECS,10008.0,2,0,20016.0
86800,,,ASH_COATED_OSMIUM,XIRECS,9991.0,10,0,99910.0
89000,,,ASH_COATED_OSMIUM,XIRECS,10012.0,4,0,40048.0
97500,,,ASH_COATED_OSMIUM,XIRECS,9990.0,6,0,59940.0
97600,,,ASH_COATED_OSMIUM,XIRECS,10008.0,6,0,60048.0
106900,,,ASH_COATED_OSMIUM,XIRECS,10010.0,7,0,70070.0
111300,,,ASH_COATED_OSMIUM,XIRECS,9995.0,3,0,29985.0
112200,,,ASH_COATED_OSMIUM,XIRECS,10010.0,2,0,20020.0
116600,,,ASH_COATED_OSMIUM,XIRECS,9996.0,8,0,79968.0
120700,,,ASH_COATED_OSMIUM,XIRECS,9996.0,5,0,49980.0
120800,,,ASH_COATED_OSMIUM,XIRECS,10002.0,5,0,50010.0
128900,,,ASH_COATED_OSMIUM,XIRECS,9999.0,3,0,29997.0
132300,,,ASH_COATED_OSMIUM,XIRECS,10008.0,4,0,40032.0
134100,,,ASH_COATED_OSMIUM,XIRECS,9991.0,2,0,19982.0
137400,,,ASH_COATED_OSMIUM,XIRECS,9993.0,7,0,69951.0
139000,,,ASH_COATED_OSMIUM,XIRECS,9994.0,7,0,69958.0
139100,,,ASH_COATED_OSMIUM,XIRECS,10010.0,2,0,20020.0
151400,,,ASH_COATED_OSMIUM,XIRECS,9991.0,6,0,59946.0
153700,,,ASH_COATED_OSMIUM,XIRECS,9996.0,5,0,49980.0
153800,,,ASH_COATED_OSMIUM,XIRECS,9996.0,5,0,49980.0
157600,,,ASH_COATED_OSMIUM,XIRECS,9999.0,5,0,49995.0
166700,,,ASH_COATED_OSMIUM,XIRECS,10016.0,6,0,60096.0
167900,,,ASH_COATED_OSMIUM,XIRECS,10014.0,4,0,40056.0
168000,,,ASH_COATED_OSMIUM,XIRECS,9998.0,8,0,79984.0
168600,,,ASH_COATED_OSMIUM,XIRECS,9995.0,6,0,59970.0
169500,,,ASH_COATED_OSMIUM,XIRECS,10013.0,5,0,50065.0
171200,,,ASH_COATED_OSMIUM,XIRECS,9998.0,3,0,29994.0
172200,,,ASH_COATED_OSMIUM,XIRECS,9995.0,2,0,19990.0
180500,,,ASH_COATED_OSMIUM,XIRECS,10001.0,2,0,20002.0
180600,,,ASH_COATED_OSMIUM,XIRECS,10001.0,5,0,50005.0
186800,,,ASH_COATED_OSMIUM,XIRECS,10015.0,5,0,50075.0
187700,,,ASH_COATED_OSMIUM,XIRECS,9999.0,2,0,19998.0
191200,,,ASH_COATED_OSMIUM,XIRECS,10013.0,10,0,100130.0
192800,,,ASH_COATED_OSMIUM,XIRECS,10013.0,3,0,30039.0
193800,,,ASH_COATED_OSMIUM,XIRECS,9997.0,3,0,29991.0
194400,,,ASH_COATED_OSMIUM,XIRECS,9997.0,4,0,39988.0
198500,,,ASH_COATED_OSMIUM,XIRECS,10014.0,2,0,20028.0
202000,,,ASH_COATED_OSMIUM,XIRECS,9996.0,2,0,19992.0
204900,,,ASH_COATED_OSMIUM,XIRECS,10010.0,9,0,90090.0
205800,,,ASH_COATED_OSMIUM,XIRECS,9999.0,5,0,49995.0
207200,,,ASH_COATED_OSMIUM,XIRECS,10008.0,2,0,20016.0
209800,,,ASH_COATED_OSMIUM,XIRECS,9989.0,9,0,89901.0
210100,,,ASH_COATED_OSMIUM,XIRECS,10006.0,3,0,30018.0
211000,,,ASH_COATED_OSMIUM,XIRECS,9990.0,8,0,79920.0
212000,,,ASH_COATED_OSMIUM,XIRECS,9990.0,7,0,69930.0
213500,,,ASH_COATED_OSMIUM,XIRECS,10005.0,5,0,50025.0
214400,,,ASH_COATED_OSMIUM,XIRECS,9988.0,8,0,79904.0
214600,,,ASH_COATED_OSMIUM,XIRECS,10007.0,6,0,60042.0
219100,,,ASH_COATED_OSMIUM,XIRECS,9993.0,5,0,49965.0
221300,,,ASH_COATED_OSMIUM,XIRECS,10009.0,10,0,100090.0
224700,,,ASH_COATED_OSMIUM,XIRECS,9992.0,7,0,69944.0
226400,,,ASH_COATED_OSMIUM,XIRECS,9991.0,5,0,49955.0
230100,,,ASH_COATED_OSMIUM,XIRECS,10007.0,4,0,40028.0
230600,,,ASH_COATED_OSMIUM,XIRECS,10008.0,7,0,70056.0
233600,,,ASH_COATED_OSMIUM,XIRECS,9990.0,7,0,69930.0
234200,,,ASH_COATED_OSMIUM,XIRECS,9989.0,6,0,59934.0
235100,,,ASH_COATED_OSMIUM,XIRECS,10005.0,6,0,60030.0
235800,,,ASH_COATED_OSMIUM,XIRECS,10004.0,5,0,50020.0
238200,,,ASH_COATED_OSMIUM,XIRECS,9986.0,8,0,79888.0
246200,,,ASH_COATED_OSMIUM,XIRECS,9986.0,3,0,29958.0
249400,,,ASH_COATED_OSMIUM,XIRECS,9985.0,6,0,59910.0
251000,,,ASH_COATED_OSMIUM,XIRECS,9985.0,4,0,39940.0
251900,,,ASH_COATED_OSMIUM,XIRECS,10002.0,3,0,30006.0
253600,,,ASH_COATED_OSMIUM,XIRECS,9985.0,3,0,29955.0
255700,,,ASH_COATED_OSMIUM,XIRECS,10002.0,4,0,40008.0
256000,,,ASH_COATED_OSMIUM,XIRECS,10003.0,5,0,50015.0
257900,,,ASH_COATED_OSMIUM,XIRECS,10003.0,7,0,70021.0
258200,,,ASH_COATED_OSMIUM,XIRECS,10003.0,3,0,30009.0
258500,,,ASH_COATED_OSMIUM,XIRECS,9988.0,9,0,89892.0
262400,,,ASH_COATED_OSMIUM,XIRECS,10007.0,10,0,100070.0
266300,,,ASH_COATED_OSMIUM,XIRECS,10010.0,3,0,30030.0
267000,,,ASH_COATED_OSMIUM,XIRECS,10009.0,5,0,50045.0
268400,,,ASH_COATED_OSMIUM,XIRECS,9993.0,7,0,69951.0
272000,,,ASH_COATED_OSMIUM,XIRECS,10014.0,3,0,30042.0
273000,,,ASH_COATED_OSMIUM,XIRECS,9996.0,6,0,59976.0
274000,,,ASH_COATED_OSMIUM,XIRECS,10011.0,3,0,30033.0
276900,,,ASH_COATED_OSMIUM,XIRECS,10010.0,5,0,50050.0
280600,,,ASH_COATED_OSMIUM,XIRECS,9994.0,6,0,59964.0
282800,,,ASH_COATED_OSMIUM,XIRECS,9992.0,8,0,79936.0
285700,,,ASH_COATED_OSMIUM,XIRECS,9997.0,10,0,99970.0
287000,,,ASH_COATED_OSMIUM,XIRECS,10006.0,2,0,20012.0
292000,,,ASH_COATED_OSMIUM,XIRECS,9991.0,7,0,69937.0
293700,,,ASH_COATED_OSMIUM,XIRECS,10010.0,4,0,40040.0
295400,,,ASH_COATED_OSMIUM,XIRECS,10008.0,10,0,100080.0
298500,,,ASH_COATED_OSMIUM,XIRECS,10015.0,6,0,60090.0
299900,,,ASH_COATED_OSMIUM,XIRECS,9996.0,4,0,39984.0
302600,,,ASH_COATED_OSMIUM,XIRECS,10012.0,2,0,20024.0
303200,,,ASH_COATED_OSMIUM,XIRECS,10010.0,8,0,80080.0
305000,,,ASH_COATED_OSMIUM,XIRECS,9999.0,5,0,49995.0
311500,,,ASH_COATED_OSMIUM,XIRECS,9993.0,10,0,99930.0
313100,,,ASH_COATED_OSMIUM,XIRECS,10011.0,5,0,50055.0
315300,,,ASH_COATED_OSMIUM,XIRECS,9995.0,5,0,49975.0
318600,,,ASH_COATED_OSMIUM,XIRECS,9993.0,5,0,49965.0
320400,,,ASH_COATED_OSMIUM,XIRECS,10015.0,7,0,70105.0
321800,,,ASH_COATED_OSMIUM,XIRECS,9995.0,10,0,99950.0
323700,,,ASH_COATED_OSMIUM,XIRECS,9995.0,6,0,59970.0
325600,,,ASH_COATED_OSMIUM,XIRECS,9993.0,6,0,59958.0
332900,,,ASH_COATED_OSMIUM,XIRECS,9995.0,5,0,49975.0
335800,,,ASH_COATED_OSMIUM,XIRECS,9994.0,10,0,99940.0
337100,,,ASH_COATED_OSMIUM,XIRECS,10012.0,8,0,80096.0
340500,,,ASH_COATED_OSMIUM,XIRECS,10009.0,4,0,40036.0
342900,,,ASH_COATED_OSMIUM,XIRECS,9995.0,9,0,89955.0
350000,,,ASH_COATED_OSMIUM,XIRECS,10009.0,3,0,30027.0
351800,,,ASH_COATED_OSMIUM,XIRECS,10010.0,5,0,50050.0
352200,,,ASH_COATED_OSMIUM,XIRECS,9995.0,4,0,39980.0
354400,,,ASH_COATED_OSMIUM,XIRECS,10010.0,3,0,30030.0
360900,,,ASH_COATED_OSMIUM,XIRECS,10010.0,5,0,50050.0
366200,,,ASH_COATED_OSMIUM,XIRECS,10012.0,5,0,50060.0
366200,,,ASH_COATED_OSMIUM,XIRECS,10012.0,7,0,70084.0
368900,,,ASH_COATED_OSMIUM,XIRECS,9999.0,5,0,49995.0
376000,,,ASH_COATED_OSMIUM,XIRECS,10011.0,2,0,20022.0
379500,,,ASH_COATED_OSMIUM,XIRECS,9993.0,9,0,89937.0
379800,,,ASH_COATED_OSMIUM,XIRECS,9995.0,8,0,79960.0
380200,,,ASH_COATED_OSMIUM,XIRECS,9994.0,5,0,49970.0
380400,,,ASH_COATED_OSMIUM,XIRECS,9994.0,6,0,59964.0
383300,,,ASH_COATED_OSMIUM,XIRECS,10009.0,8,0,80072.0
384100,,,ASH_COATED_OSMIUM,XIRECS,9993.0,3,0,29979.0
384800,,,ASH_COATED_OSMIUM,XIRECS,9993.0,7,0,69951.0
388200,,,ASH_COATED_OSMIUM,XIRECS,10011.0,10,0,100110.0
388500,,,ASH_COATED_OSMIUM,XIRECS,10011.0,7,0,70077.0
389500,,,ASH_COATED_OSMIUM,XIRECS,9992.0,2,0,19984.0
392200,,,ASH_COATED_OSMIUM,XIRECS,9992.0,4,0,39968.0
398600,,,ASH_COATED_OSMIUM,XIRECS,10012.0,9,0,90108.0
399300,,,ASH_COATED_OSMIUM,XIRECS,10011.0,5,0,50055.0
401200,,,ASH_COATED_OSMIUM,XIRECS,10012.0,5,0,50060.0
405700,,,ASH_COATED_OSMIUM,XIRECS,9993.0,6,0,59958.0
407200,,,ASH_COATED_OSMIUM,XIRECS,10011.0,4,0,40044.0
408200,,,ASH_COATED_OSMIUM,XIRECS,9992.0,6,0,59952.0
409000,,,ASH_COATED_OSMIUM,XIRECS,9994.0,2,0,19988.0
410100,,,ASH_COATED_OSMIUM,XIRECS,10010.0,3,0,30030.0
410200,,,ASH_COATED_OSMIUM,XIRECS,10013.0,5,0,50065.0
412500,,,ASH_COATED_OSMIUM,XIRECS,9992.0,7,0,69944.0
413900,,,ASH_COATED_OSMIUM,XIRECS,10012.0,5,0,50060.0
416000,,,ASH_COATED_OSMIUM,XIRECS,9999.0,2,0,19998.0
422200,,,ASH_COATED_OSMIUM,XIRECS,10009.0,6,0,60054.0
423200,,,ASH_COATED_OSMIUM,XIRECS,9993.0,6,0,59958.0
424000,,,ASH_COATED_OSMIUM,XIRECS,10007.0,8,0,80056.0
425300,,,ASH_COATED_OSMIUM,XIRECS,10008.0,4,0,40032.0
425600,,,ASH_COATED_OSMIUM,XIRECS,10006.0,8,0,80048.0
426000,,,ASH_COATED_OSMIUM,XIRECS,10007.0,7,0,70049.0
430500,,,ASH_COATED_OSMIUM,XIRECS,9991.0,4,0,39964.0
432600,,,ASH_COATED_OSMIUM,XIRECS,9991.0,6,0,59946.0
435000,,,ASH_COATED_OSMIUM,XIRECS,10008.0,4,0,40032.0
438900,,,ASH_COATED_OSMIUM,XIRECS,10011.0,5,0,50055.0
439500,,,ASH_COATED_OSMIUM,XIRECS,9989.0,6,0,59934.0
441100,,,ASH_COATED_OSMIUM,XIRECS,9993.0,3,0,29979.0
441600,,,ASH_COATED_OSMIUM,XIRECS,10003.0,4,0,40012.0
448900,,,ASH_COATED_OSMIUM,XIRECS,10010.0,5,0,50050.0
454100,,,ASH_COATED_OSMIUM,XIRECS,9999.0,6,0,59994.0
454400,,,ASH_COATED_OSMIUM,XIRECS,9999.0,8,0,79992.0
460800,,,ASH_COATED_OSMIUM,XIRECS,9998.0,5,0,49990.0
469200,,,ASH_COATED_OSMIUM,XIRECS,10014.0,3,0,30042.0
470800,,,ASH_COATED_OSMIUM,XIRECS,10014.0,9,0,90126.0
475200,,,ASH_COATED_OSMIUM,XIRECS,9995.0,6,0,59970.0
477400,,,ASH_COATED_OSMIUM,XIRECS,10010.0,5,0,50050.0
477900,,,ASH_COATED_OSMIUM,XIRECS,10008.0,3,0,30024.0
478200,,,ASH_COATED_OSMIUM,XIRECS,10008.0,3,0,30024.0
484300,,,ASH_COATED_OSMIUM,XIRECS,9988.0,9,0,89892.0
485200,,,ASH_COATED_OSMIUM,XIRECS,9989.0,6,0,59934.0
486400,,,ASH_COATED_OSMIUM,XIRECS,10009.0,5,0,50045.0
489100,,,ASH_COATED_OSMIUM,XIRECS,9994.0,6,0,59964.0
490700,,,ASH_COATED_OSMIUM,XIRECS,9993.0,3,0,29979.0
496300,,,ASH_COATED_OSMIUM,XIRECS,9991.0,3,0,29973.0
498300,,,ASH_COATED_OSMIUM,XIRECS,9993.0,7,0,69951.0
501000,,,ASH_COATED_OSMIUM,XIRECS,9992.0,2,0,19984.0
505400,,,ASH_COATED_OSMIUM,XIRECS,10011.0,5,0,50055.0
506500,,,ASH_COATED_OSMIUM,XIRECS,10012.0,3,0,30036.0
506800,,,ASH_COATED_OSMIUM,XIRECS,10000.0,2,0,20000.0
515500,,,ASH_COATED_OSMIUM,XIRECS,9997.0,6,0,59982.0
517700,,,ASH_COATED_OSMIUM,XIRECS,10003.0,3,0,30009.0
520900,,,ASH_COATED_OSMIUM,XIRECS,10016.0,6,0,60096.0
521700,,,ASH_COATED_OSMIUM,XIRECS,10015.0,5,0,50075.0
522200,,,ASH_COATED_OSMIUM,XIRECS,9998.0,5,0,49990.0
523600,,,ASH_COATED_OSMIUM,XIRECS,9997.0,9,0,89973.0
525500,,,ASH_COATED_OSMIUM,XIRECS,10013.0,3,0,30039.0
526000,,,ASH_COATED_OSMIUM,XIRECS,10013.0,7,0,70091.0
526400,,,ASH_COATED_OSMIUM,XIRECS,10013.0,5,0,50065.0
527700,,,ASH_COATED_OSMIUM,XIRECS,9994.0,3,0,29982.0
531200,,,ASH_COATED_OSMIUM,XIRECS,10013.0,2,0,20026.0
533800,,,ASH_COATED_OSMIUM,XIRECS,10015.0,4,0,40060.0
534300,,,ASH_COATED_OSMIUM,XIRECS,10001.0,6,0,60006.0
536800,,,ASH_COATED_OSMIUM,XIRECS,10019.0,2,0,20038.0
537400,,,ASH_COATED_OSMIUM,XIRECS,10020.0,2,0,20040.0
541000,,,ASH_COATED_OSMIUM,XIRECS,10021.0,6,0,60126.0
544100,,,ASH_COATED_OSMIUM,XIRECS,10007.0,7,0,70049.0
545400,,,ASH_COATED_OSMIUM,XIRECS,10023.0,2,0,20046.0
546100,,,ASH_COATED_OSMIUM,XIRECS,10006.0,5,0,50030.0
548100,,,ASH_COATED_OSMIUM,XIRECS,10026.0,9,0,90234.0
548400,,,ASH_COATED_OSMIUM,XIRECS,10003.0,4,0,40012.0
553700,,,ASH_COATED_OSMIUM,XIRECS,10003.0,5,0,50015.0
557200,,,ASH_COATED_OSMIUM,XIRECS,10019.0,6,0,60114.0
557600,,,ASH_COATED_OSMIUM,XIRECS,10021.0,6,0,60126.0
560100,,,ASH_COATED_OSMIUM,XIRECS,10019.0,6,0,60114.0
563900,,,ASH_COATED_OSMIUM,XIRECS,10000.0,3,0,30000.0
564300,,,ASH_COATED_OSMIUM,XIRECS,10018.0,3,0,30054.0
566300,,,ASH_COATED_OSMIUM,XIRECS,10018.0,5,0,50090.0
567200,,,ASH_COATED_OSMIUM,XIRECS,10019.0,5,0,50095.0
568500,,,ASH_COATED_OSMIUM,XIRECS,10012.0,5,0,50060.0
573800,,,ASH_COATED_OSMIUM,XIRECS,10019.0,6,0,60114.0
574600,,,ASH_COATED_OSMIUM,XIRECS,10001.0,9,0,90009.0
575200,,,ASH_COATED_OSMIUM,XIRECS,10017.0,2,0,20034.0
576900,,,ASH_COATED_OSMIUM,XIRECS,10000.0,10,0,100000.0
579000,,,ASH_COATED_OSMIUM,XIRECS,10000.0,9,0,90000.0
579400,,,ASH_COATED_OSMIUM,XIRECS,10016.0,5,0,50080.0
580300,,,ASH_COATED_OSMIUM,XIRECS,10017.0,3,0,30051.0
581300,,,ASH_COATED_OSMIUM,XIRECS,10000.0,4,0,40000.0
583100,,,ASH_COATED_OSMIUM,XIRECS,9998.0,4,0,39992.0
586600,,,ASH_COATED_OSMIUM,XIRECS,10015.0,6,0,60090.0
587200,,,ASH_COATED_OSMIUM,XIRECS,9997.0,5,0,49985.0
589200,,,ASH_COATED_OSMIUM,XIRECS,9994.0,2,0,19988.0
591500,,,ASH_COATED_OSMIUM,XIRECS,10013.0,10,0,100130.0
596200,,,ASH_COATED_OSMIUM,XIRECS,10014.0,7,0,70098.0
603100,,,ASH_COATED_OSMIUM,XIRECS,10015.0,9,0,90135.0
604700,,,ASH_COATED_OSMIUM,XIRECS,10013.0,6,0,60078.0
607300,,,ASH_COATED_OSMIUM,XIRECS,9996.0,3,0,29988.0
608300,,,ASH_COATED_OSMIUM,XIRECS,10011.0,8,0,80088.0
609600,,,ASH_COATED_OSMIUM,XIRECS,10009.0,6,0,60054.0
615100,,,ASH_COATED_OSMIUM,XIRECS,9993.0,3,0,29979.0
616100,,,ASH_COATED_OSMIUM,XIRECS,10007.0,2,0,20014.0
618800,,,ASH_COATED_OSMIUM,XIRECS,10009.0,10,0,100090.0
619900,,,ASH_COATED_OSMIUM,XIRECS,9994.0,5,0,49970.0
623900,,,ASH_COATED_OSMIUM,XIRECS,10014.0,3,0,30042.0
624100,,,ASH_COATED_OSMIUM,XIRECS,9995.0,4,0,39980.0
626000,,,ASH_COATED_OSMIUM,XIRECS,9993.0,2,0,19986.0
626400,,,ASH_COATED_OSMIUM,XIRECS,10002.0,3,0,30006.0
