timestamp,buyer,seller,symbol,currency,price,quantity,day
700,,,ASH_COATED_OSMIUM,XIRECS,9990.0,6,-2
900,,,ASH_COATED_OSMIUM,XIRECS,9998.0,2,-2
2500,,,ASH_COATED_OSMIUM,XIRECS,10011.0,8,-2
6100,,,ASH_COATED_OSMIUM,XIRECS,10013.0,8,-2
12900,,,ASH_COATED_OSMIUM,XIRECS,10001.0,9,-2
13800,,,ASH_COATED_OSMIUM,XIRECS,10017.0,3,-2
15000,,,ASH_COATED_OSMIUM,XIRECS,10016.0,3,-2
15100,,,ASH_COATED_OSMIUM,XIRECS,10016.0,5,-2
15900,,,ASH_COATED_OSMIUM,XIRECS,9995.0,9,-2
17400,,,ASH_COATED_OSMIUM,XIRECS,10014.0,4,-2
18400,,,ASH_COATED_OSMIUM,XIRECS,10018.0,4,-2
24000,,,ASH_COATED_OSMIUM,XIRECS,10013.0,6,-2
28700,,,ASH_COATED_OSMIUM,XIRECS,10011.0,2,-2
28800,,,ASH_COATED_OSMIUM,XIRECS,10011.0,10,-2
30700,,,ASH_COATED_OSMIUM,XIRECS,10012.0,6,-2
32400,,,ASH_COATED_OSMIUM,XIRECS,10005.0,4,-2
33000,,,ASH_COATED_OSMIUM,XIRECS,10013.0,9,-2
36600,,,ASH_COATED_OSMIUM,XIRECS,9997.0,6,-2
36700,,,ASH_COATED_OSMIUM,XIRECS,10012.0,10,-2
40500,,,ASH_COATED_OSMIUM,XIRECS,9997.0,2,-2
42000,,,ASH_COATED_OSMIUM,XIRECS,10006.0,4,-2
44200,,,ASH_COATED_OSMIUM,XIRECS,10014.0,2,-2
45600,,,ASH_COATED_OSMIUM,XIRECS,10011.0,4,-2
48000,,,ASH_COATED_OSMIUM,XIRECS,10014.0,10,-2
50000,,,ASH_COATED_OSMIUM,XIRECS,10008.0,3,-2
50800,,,ASH_COATED_OSMIUM,XIRECS,10015.0,5,-2
51400,,,ASH_COATED_OSMIUM,XIRECS,10018.0,8,-2
53800,,,ASH_COATED_OSMIUM,XIRECS,9999.0,10,-2
55900,,,ASH_COATED_OSMIUM,XIRECS,10013.0,6,-2
57600,,,ASH_COATED_OSMIUM,XIRECS,9998.0,6,-2
67300,,,ASH_COATED_OSMIUM,XIRECS,9989.0,8,-2
69400,,,ASH_COATED_OSMIUM,XIRECS,9987.0,5,-2
71700,,,ASH_COATED_OSMIUM,XIRECS,9990.0,8,-2
72900,,,ASH_COATED_OSMIUM,XIRECS,9990.0,9,-2
73900,,,ASH_COATED_OSMIUM,XIRECS,9991.0,7,-2
74500,,,ASH_COATED_OSMIUM,XIRECS,10007.0,9,-2
76000,,,ASH_COATED_OSMIUM,XIRECS,10008.0,7,-2
79600,,,ASH_COATED_OSMIUM,XIRECS,10008.0,6,-2
81200,,,ASH_COATED_OSMIUM,XIRECS,9991.0,6,-2
84600,,,ASH_COATED_OSMIUM,XIRECS,9990.0,2,-2
86100,,,ASH_COATED_OSMIUM,XIRECS,10007.0,6,-2
86200,,,ASH_COATED_OSMIUM,XIRECS,9991.0,4,-2
94000,,,ASH_COATED_OSMIUM,XIRECS,10004.0,8,-2
94400,,,ASH_COATED_OSMIUM,XIRECS,10004.0,3,-2
96300,,,ASH_COATED_OSMIUM,XIRECS,10006.0,8,-2
97200,,,ASH_COATED_OSMIUM,XIRECS,9994.0,4,-2
97600,,,ASH_COATED_OSMIUM,XIRECS,9999.0,3,-2
98200,,,ASH_COATED_OSMIUM,XIRECS,9990.0,3,-2
100100,,,ASH_COATED_OSMIUM,XIRECS,9993.0,3,-2
101700,,,ASH_COATED_OSMIUM,XIRECS,10001.0,5,-2
103900,,,ASH_COATED_OSMIUM,XIRECS,10004.0,4,-2
105100,,,ASH_COATED_OSMIUM,XIRECS,9990.0,8,-2
105200,,,ASH_COATED_OSMIUM,XIRECS,10005.0,3,-2
106000,,,ASH_COATED_OSMIUM,XIRECS,9989.0,4,-2
107900,,,ASH_COATED_OSMIUM,XIRECS,9991.0,6,-2
108800,,,ASH_COATED_OSMIUM,XIRECS,9990.0,9,-2
111800,,,ASH_COATED_OSMIUM,XIRECS,9989.0,6,-2
113300,,,ASH_COATED_OSMIUM,XIRECS,9995.0,5,-2
113500,,,ASH_COATED_OSMIUM,XIRECS,10010.0,4,-2
114100,,,ASH_COATED_OSMIUM,XIRECS,10011.0,10,-2
118900,,,ASH_COATED_OSMIUM,XIRECS,9993.0,3,-2
119100,,,ASH_COATED_OSMIUM,XIRECS,10010.0,4,-2
120000,,,ASH_COATED_OSMIUM,XIRECS,10010.0,8,-2
120900,,,ASH_COATED_OSMIUM,XIRECS,10010.0,6,-2
122900,,,ASH_COATED_OSMIUM,XIRECS,9991.0,3,-2
125200,,,ASH_COATED_OSMIUM,XIRECS,10007.0,3,-2
125400,,,ASH_COATED_OSMIUM,XIRECS,9990.0,3,-2
133100,,,ASH_COATED_OSMIUM,XIRECS,9991.0,8,-2
135800,,,ASH_COATED_OSMIUM,XIRECS,9992.0,2,-2
137500,,,ASH_COATED_OSMIUM,XIRECS,9992.0,5,-2
139000,,,ASH_COATED_OSMIUM,XIRECS,9988.0,6,-2
149800,,,ASH_COATED_OSMIUM,XIRECS,10007.0,6,-2
157000,,,ASH_COATED_OSMIUM,XIRECS,10005.0,3,-2
160300,,,ASH_COATED_OSMIUM,XIRECS,10004.0,5,-2
161600,,,ASH_COATED_OSMIUM,XIRECS,10005.0,2,-2
173600,,,ASH_COATED_OSMIUM,XIRECS,9992.0,5,-2
174200,,,ASH_COATED_OSMIUM,XIRECS,10007.0,3,-2
175000,,,ASH_COATED_OSMIUM,XIRECS,9998.0,3,-2
175400,,,ASH_COATED_OSMIUM,XIRECS,10011.0,4,-2
179600,,,ASH_COATED_OSMIUM,XIRECS,10009.0,10,-2
183600,,,ASH_COATED_OSMIUM,XIRECS,10010.0,10,-2
184400,,,ASH_COATED_OSMIUM,XIRECS,10010.0,5,-2
184800,,,ASH_COATED_OSMIUM,XIRECS,9993.0,2,-2
186400,,,ASH_COATED_OSMIUM,XIRECS,9992.0,5,-2
190100,,,ASH_COATED_OSMIUM,XIRECS,10009.0,3,-2
190800,,,ASH_COATED_OSMIUM,XIRECS,9991.0,6,-2
192800,,,ASH_COATED_OSMIUM,XIRECS,10006.0,5,-2
194700,,,ASH_COATED_OSMIUM,XIRECS,9989.0,9,-2
197100,,,ASH_COATED_OSMIUM,XIRECS,9987.0,3,-2
200600,,,ASH_COATED_OSMIUM,XIRECS,10000.0,6,-2
202700,,,ASH_COATED_OSMIUM,XIRECS,9987.0,2,-2
203500,,,ASH_COATED_OSMIUM,XIRECS,9996.0,3,-2
206500,,,ASH_COATED_OSMIUM,XIRECS,9985.0,3,-2
207600,,,ASH_COATED_OSMIUM,XIRECS,10003.0,2,-2
208500,,,ASH_COATED_OSMIUM,XIRECS,10003.0,9,-2
211000,,,ASH_COATED_OSMIUM,XIRECS,9987.0,2,-2
216000,,,ASH_COATED_OSMIUM,XIRECS,9990.0,6,-2
216600,,,ASH_COATED_OSMIUM,XIRECS,10006.0,5,-2
220300,,,ASH_COATED_OSMIUM,XIRECS,10000.0,2,-2
221200,,,ASH_COATED_OSMIUM,XIRECS,9992.0,3,-2
224200,,,ASH_COATED_OSMIUM,XIRECS,10009.0,4,-2
225700,,,ASH_COATED_OSMIUM,XIRECS,10007.0,4,-2
232000,,,ASH_COATED_OSMIUM,XIRECS,10006.0,4,-2
232100,,,ASH_COATED_OSMIUM,XIRECS,9990.0,2,-2
236400,,,ASH_COATED_OSMIUM,XIRECS,10006.0,9,-2
236600,,,ASH_COATED_OSMIUM,XIRECS,9990.0,10,-2
236800,,,ASH_COATED_OSMIUM,XIRECS,10006.0,2,-2
242400,,,ASH_COATED_OSMIUM,XIRECS,10008.0,5,-2
242600,,,ASH_COATED_OSMIUM,XIRECS,10005.0,4,-2
244000,,,ASH_COATED_OSMIUM,XIRECS,10005.0,2,-2
245900,,,ASH_COATED_OSMIUM,XIRECS,9990.0,3,-2
249700,,,ASH_COATED_OSMIUM,XIRECS,9990.0,4,-2
253000,,,ASH_COATED_OSMIUM,XIRECS,10007.0,2,-2
254100,,,ASH_COATED_OSMIUM,XIRECS,10000.0,4,-2
254400,,,ASH_COATED_OSMIUM,XIRECS,9995.0,2,-2
255200,,,ASH_COATED_OSMIUM,XIRECS,9989.0,2,-2
257500,,,ASH_COATED_OSMIUM,XIRECS,10004.0,5,-2
260000,,,ASH_COATED_OSMIUM,XIRECS,10003.0,7,-2
260800,,,ASH_COATED_OSMIUM,XIRECS,9987.0,3,-2
261600,,,ASH_COATED_OSMIUM,XIRECS,10003.0,4,-2
263500,,,ASH_COATED_OSMIUM,XIRECS,9986.0,3,-2
269500,,,ASH_COATED_OSMIUM,XIRECS,10002.0,2,-2
274300,,,ASH_COATED_OSMIUM,XIRECS,9985.0,5,-2
281200,,,ASH_COATED_OSMIUM,XIRECS,9983.0,3,-2
281300,,,ASH_COATED_OSMIUM,XIRECS,9983.0,4,-2
281600,,,ASH_COATED_OSMIUM,XIRECS,10000.0,5,-2
282600,,,ASH_COATED_OSMIUM,XIRECS,10002.0,6,-2
285400,,,ASH_COATED_OSMIUM,XIRECS,9987.0,10,-2
288300,,,ASH_COATED_OSMIUM,XIRECS,10001.0,7,-2
289400,,,ASH_COATED_OSMIUM,XIRECS,9986.0,6,-2
291200,,,ASH_COATED_OSMIUM,XIRECS,9986.0,7,-2
292200,,,ASH_COATED_OSMIUM,XIRECS,9986.0,2,-2
295400,,,ASH_COATED_OSMIUM,XIRECS,10001.0,6,-2
297600,,,ASH_COATED_OSMIUM,XIRECS,10003.0,6,-2
298600,,,ASH_COATED_OSMIUM,XIRECS,10006.0,2,-2
300000,,,ASH_COATED_OSMIUM,XIRECS,10000.0,6,-2
300900,,,ASH_COATED_OSMIUM,XIRECS,9982.0,10,-2
302000,,,ASH_COATED_OSMIUM,XIRECS,9981.0,6,-2
303700,,,ASH_COATED_OSMIUM,XIRECS,10000.0,5,-2
304000,,,ASH_COATED_OSMIUM,XIRECS,10000.0,5,-2
306100,,,ASH_COATED_OSMIUM,XIRECS,9985.0,9,-2
306400,,,ASH_COATED_OSMIUM,XIRECS,10001.0,7,-2
313700,,,ASH_COATED_OSMIUM,XIRECS,10000.0,4,-2
314200,,,ASH_COATED_OSMIUM,XIRECS,10000.0,4,-2
315300,,,ASH_COATED_OSMIUM,XIRECS,10000.0,6,-2
316200,,,ASH_COATED_OSMIUM,XIRECS,9985.0,3,-2
318800,,,ASH_COATED_OSMIUM,XIRECS,9986.0,7,-2
321100,,,ASH_COATED_OSMIUM,XIRECS,10002.0,6,-2
324600,,,ASH_COATED_OSMIUM,XIRECS,10002.0,6,-2
330800,,,ASH_COATED_OSMIUM,XIRECS,9982.0,6,-2
333400,,,ASH_COATED_OSMIUM,XIRECS,9983.0,10,-2
333600,,,ASH_COATED_OSMIUM,XIRECS,9999.0,5,-2
346700,,,ASH_COATED_OSMIUM,XIRECS,9979.0,3,-2
349500,,,ASH_COATED_OSMIUM,XIRECS,9999.0,6,-2
351800,,,ASH_COATED_OSMIUM,XIRECS,10003.0,4,-2
354200,,,ASH_COATED_OSMIUM,XIRECS,9986.0,6,-2
354700,,,ASH_COATED_OSMIUM,XIRECS,10003.0,4,-2
355900,,,ASH_COATED_OSMIUM,XIRECS,10006.0,6,-2
361700,,,ASH_COATED_OSMIUM,XIRECS,10005.0,2,-2
364000,,,ASH_COATED_OSMIUM,XIRECS,10007.0,9,-2
367100,,,ASH_COATED_OSMIUM,XIRECS,10007.0,5,-2
368100,,,ASH_COATED_OSMIUM,XIRECS,10009.0,6,-2
370400,,,ASH_COATED_OSMIUM,XIRECS,9993.0,6,-2
370700,,,ASH_COATED_OSMIUM,XIRECS,9993.0,8,-2
372600,,,ASH_COATED_OSMIUM,XIRECS,9990.0,6,-2
377800,,,ASH_COATED_OSMIUM,XIRECS,10008.0,7,-2
379600,,,ASH_COATED_OSMIUM,XIRECS,9994.0,2,-2
385000,,,ASH_COATED_OSMIUM,XIRECS,10005.0,4,-2
387100,,,ASH_COATED_OSMIUM,XIRECS,10010.0,3,-2
387100,,,ASH_COATED_OSMIUM,XIRECS,9994.0,5,-2
390000,,,ASH_COATED_OSMIUM,XIRECS,9995.0,5,-2
391500,,,ASH_COATED_OSMIUM,XIRECS,9992.0,7,-2
394100,,,ASH_COATED_OSMIUM,XIRECS,10013.0,7,-2
395900,,,ASH_COATED_OSMIUM,XIRECS,9996.0,3,-2
396400,,,ASH_COATED_OSMIUM,XIRECS,9996.0,8,-2
399900,,,ASH_COATED_OSMIUM,XIRECS,9995.0,9,-2
401400,,,ASH_COATED_OSMIUM,XIRECS,9995.0,6,-2
402300,,,ASH_COATED_OSMIUM,XIRECS,10014.0,7,-2
403200,,,ASH_COATED_OSMIUM,XIRECS,9999.0,5,-2
404200,,,ASH_COATED_OSMIUM,XIRECS,10010.0,6,-2
412200,,,ASH_COATED_OSMIUM,XIRECS,9997.0,2,-2
414900,,,ASH_COATED_OSMIUM,XIRECS,9998.0,8,-2
416800,,,ASH_COATED_OSMIUM,XIRECS,10018.0,9,-2
417000,,,ASH_COATED_OSMIUM,XIRECS,10000.0,6,-2
418000,,,ASH_COATED_OSMIUM,XIRECS,10018.0,6,-2
436300,,,ASH_COATED_OSMIUM,XIRECS,9999.0,3,-2
438600,,,ASH_COATED_OSMIUM,XIRECS,9995.0,6,-2
439300,,,ASH_COATED_OSMIUM,XIRECS,9992.0,10,-2
441100,,,ASH_COATED_OSMIUM,XIRECS,9994.0,7,-2
444100,,,ASH_COATED_OSMIUM,XIRECS,10008.0,4,-2
447000,,,ASH_COATED_OSMIUM,XIRECS,10009.0,9,-2
449800,,,ASH_COATED_OSMIUM,XIRECS,9989.0,3,-2
450700,,,ASH_COATED_OSMIUM,XIRECS,10007.0,6,-2
452000,,,ASH_COATED_OSMIUM,XIRECS,10006.0,2,-2
453900,,,ASH_COATED_OSMIUM,XIRECS,9992.0,2,-2
454100,,,ASH_COATED_OSMIUM,XIRECS,10007.0,6,-2
454200,,,ASH_COATED_OSMIUM,XIRECS,9997.0,3,-2
454800,,,ASH_COATED_OSMIUM,XIRECS,9993.0,4,-2
455100,,,ASH_COATED_OSMIUM,XIRECS,9993.0,7,-2
455800,,,ASH_COATED_OSMIUM,XIRECS,9993.0,5,-2
460600,,,ASH_COATED_OSMIUM,XIRECS,10010.0,6,-2
462400,,,ASH_COATED_OSMIUM,XIRECS,10010.0,6,-2
463200,,,ASH_COATED_OSMIUM,XIRECS,9993.0,3,-2
469900,,,ASH_COATED_OSMIUM,XIRECS,9992.0,2,-2
472500,,,ASH_COATED_OSMIUM,XIRECS,9994.0,5,-2
473000,,,ASH_COATED_OSMIUM,XIRECS,10010.0,5,-2
475900,,,ASH_COATED_OSMIUM,XIRECS,10009.0,5,-2
479000,,,ASH_COATED_OSMIUM,XIRECS,9991.0,2,-2
479500,,,ASH_COATED_OSMIUM,XIRECS,10010.0,4,-2
481100,,,ASH_COATED_OSMIUM,XIRECS,9995.0,3,-2
481400,,,ASH_COATED_OSMIUM,XIRECS,9994.0,6,-2
483200,,,ASH_COATED_OSMIUM,XIRECS,10011.0,3,-2
485200,,,ASH_COATED_OSMIUM,XIRECS,10012.0,4,-2
486000,,,ASH_COATED_OSMIUM,XIRECS,9992.0,4,-2
491100,,,ASH_COATED_OSMIUM,XIRECS,10003.0,2,-2
493600,,,ASH_COATED_OSMIUM,XIRECS,9986.0,3,-2
495400,,,ASH_COATED_OSMIUM,XIRECS,10005.0,3,-2
496700,,,ASH_COATED_OSMIUM,XIRECS,9988.0,3,-2
498400,,,ASH_COATED_OSMIUM,XIRECS,9985.0,4,-2
499700,,,ASH_COATED_OSMIUM,XIRECS,10002.0,9,-2
503300,,,ASH_COATED_OSMIUM,XIRECS,9983.0,3,-2
504200,,,ASH_COATED_OSMIUM,XIRECS,9986.0,6,-2
506600,,,ASH_COATED_OSMIUM,XIRECS,9984.0,7,-2
512400,,,ASH_COATED_OSMIUM,XIRECS,10000.0,7,-2
515100,,,ASH_COATED_OSMIUM,XIRECS,9984.0,6,-2
515800,,,ASH_COATED_OSMIUM,XIRECS,9982.0,6,-2
516500,,,ASH_COATED_OSMIUM,XIRECS,9997.0,3,-2
517000,,,ASH_COATED_OSMIUM,XIRECS,9998.0,4,-2
524900,,,ASH_COATED_OSMIUM,XIRECS,9986.0,3,-2
525600,,,ASH_COATED_OSMIUM,XIRECS,9986.0,8,-2
526400,,,ASH_COATED_OSMIUM,XIRECS,10006.0,4,-2
526900,,,ASH_COATED_OSMIUM,XIRECS,9986.0,6,-2
528200,,,ASH_COATED_OSMIUM,XIRECS,9986.0,4,-2
528400,,,ASH_COATED_OSMIUM,XIRECS,10002.0,6,-2
529500,,,ASH_COATED_OSMIUM,XIRECS,9987.0,9,-2
530500,,,ASH_COATED_OSMIUM,XIRECS,10003.0,4,-2
531300,,,ASH_COATED_OSMIUM,XIRECS,9987.0,6,-2
532800,,,ASH_COATED_OSMIUM,XIRECS,9992.0,2,-2
532900,,,ASH_COATED_OSMIUM,XIRECS,10002.0,4,-2
534200,,,ASH_COATED_OSMIUM,XIRECS,9986.0,6,-2
537900,,,ASH_COATED_OSMIUM,XIRECS,9985.0,10,-2
539300,,,ASH_COATED_OSMIUM,XIRECS,10003.0,8,-2
543700,,,ASH_COATED_OSMIUM,XIRECS,9984.0,6,-2
543700,,,ASH_COATED_OSMIUM,XIRECS,9984.0,6,-2
543900,,,ASH_COATED_OSMIUM,XIRECS,9984.0,2,-2
545500,,,ASH_COATED_OSMIUM,XIRECS,9992.0,3,-2
546300,,,ASH_COATED_OSMIUM,XIRECS,10001.0,3,-2
547500,,,ASH_COATED_OSMIUM,XIRECS,9982.0,8,-2
548400,,,ASH_COATED_OSMIUM,XIRECS,9979.0,9,-2
549600,,,ASH_COATED_OSMIUM,XIRECS,9998.0,5,-2
551300,,,ASH_COATED_OSMIUM,XIRECS,9984.0,5,-2
554800,,,ASH_COATED_OSMIUM,XIRECS,9998.0,2,-2
556700,,,ASH_COATED_OSMIUM,XIRECS,9984.0,6,-2
557600,,,ASH_COATED_OSMIUM,XIRECS,9999.0,4,-2
565000,,,ASH_COATED_OSMIUM,XIRECS,9999.0,4,-2
566200,,,ASH_COATED_OSMIUM,XIRECS,9983.0,10,-2
567300,,,ASH_COATED_OSMIUM,XIRECS,10001.0,8,-2
571800,,,ASH_COATED_OSMIUM,XIRECS,9986.0,3,-2
573700,,,ASH_COATED_OSMIUM,XIRECS,9988.0,10,-2
573900,,,ASH_COATED_OSMIUM,XIRECS,10007.0,5,-2
574500,,,ASH_COATED_OSMIUM,XIRECS,10007.0,6,-2
578700,,,ASH_COATED_OSMIUM,XIRECS,9993.0,4,-2
583300,,,ASH_COATED_OSMIUM,XIRECS,9987.0,6,-2
587000,,,ASH_COATED_OSMIUM,XIRECS,9999.0,6,-2
599500,,,ASH_COATED_OSMIUM,XIRECS,9996.0,3,-2
606100,,,ASH_COATED_OSMIUM,XIRECS,9983.0,4,-2
609300,,,ASH_COATED_OSMIUM,XIRECS,9983.0,6,-2
610500,,,ASH_COATED_OSMIUM,XIRECS,9996.0,4,-2
611500,,,ASH_COATED_OSMIUM,XIRECS,9986.0,8,-2
612200,,,ASH_COATED_OSMIUM,XIRECS,10004.0,3,-2
623800,,,ASH_COATED_OSMIUM,XIRECS,10003.0,5,-2
624100,,,ASH_COATED_OSMIUM,XIRECS,9987.0,4,-2
624700,,,ASH_COATED_OSMIUM,XIRECS,10004.0,4,-2
635000,,,ASH_COATED_OSMIUM,XIRECS,10007.0,9,-2
637400,,,ASH_COATED_OSMIUM,XIRECS,9989.0,2,-2
638000,,,ASH_COATED_OSMIUM,XIRECS,9987.0,8,-2
642800,,,ASH_COATED_OSMIUM,XIRECS,9988.0,6,-2
644300,,,ASH_COATED_OSMIUM,XIRECS,10004.0,2,-2
645800,,,ASH_COATED_OSMIUM,XIRECS,10005.0,10,-2
648100,,,ASH_COATED_OSMIUM,XIRECS,10006.0,3,-2
648300,,,ASH_COATED_OSMIUM,XIRECS,9988.0,10,-2
648800,,,ASH_COATED_OSMIUM,XIRECS,10005.0,5,-2
649200,,,ASH_COATED_OSMIUM,XIRECS,10005.0,4,-2
653100,,,ASH_COATED_OSMIUM,XIRECS,10004.0,4,-2
656500,,,ASH_COATED_OSMIUM,XIRECS,9990.0,9,-2
657300,,,ASH_COATED_OSMIUM,XIRECS,9996.0,3,-2
658600,,,ASH_COATED_OSMIUM,XIRECS,10006.0,2,-2
659500,,,ASH_COATED_OSMIUM,XIRECS,9988.0,6,-2
659700,,,ASH_COATED_OSMIUM,XIRECS,10007.0,5,-2
660600,,,ASH_COATED_OSMIUM,XIRECS,10006.0,2,-2
662300,,,ASH_COATED_OSMIUM,XIRECS,10005.0,3,-2
664800,,,ASH_COATED_OSMIUM,XIRECS,9988.0,4,-2
669700,,,ASH_COATED_OSMIUM,XIRECS,10005.0,10,-2
671900,,,ASH_COATED_OSMIUM,XIRECS,9984.0,3,-2
674700,,,ASH_COATED_OSMIUM,XIRECS,10003.0,5,-2
679200,,,ASH_COATED_OSMIUM,XIRECS,9985.0,7,-2
680000,,,ASH_COATED_OSMIUM,XIRECS,10004.0,6,-2
687000,,,ASH_COATED_OSMIUM,XIRECS,10005.0,8,-2
687900,,,ASH_COATED_OSMIUM,XIRECS,9990.0,4,-2
694200,,,ASH_COATED_OSMIUM,XIRECS,9992.0,3,-2
698100,,,ASH_COATED_OSMIUM,XIRECS,9991.0,2,-2
699900,,,ASH_COATED_OSMIUM,XIRECS,9991.0,9,-2
700600,,,ASH_COATED_OSMIUM,XIRECS,9991.0,3,-2
706600,,,ASH_COATED_OSMIUM,XIRECS,10011.0,9,-2
710100,,,ASH_COATED_OSMIUM,XIRECS,9992.0,3,-2
710500,,,ASH_COATED_OSMIUM,XIRECS,10008.0,6,-2
712400,,,ASH_COATED_OSMIUM,XIRECS,9991.0,5,-2
713700,,,ASH_COATED_OSMIUM,XIRECS,9990.0,4,-2
714000,,,ASH_COATED_OSMIUM,XIRECS,10004.0,7,-2
715000,,,ASH_COATED_OSMIUM,XIRECS,9989.0,5,-2
715700,,,ASH_COATED_OSMIUM,XIRECS,9998.0,3,-2
721600,,,ASH_COATED_OSMIUM,XIRECS,10006.0,5,-2
722300,,,ASH_COATED_OSMIUM,XIRECS,9990.0,5,-2
722800,,,ASH_COATED_OSMIUM,XIRECS,10009.0,2,-2
723600,,,ASH_COATED_OSMIUM,XIRECS,9991.0,6,-2
729700,,,ASH_COATED_OSMIUM,XIRECS,10008.0,4,-2
731100,,,ASH_COATED_OSMIUM,XIRECS,9988.0,3,-2
735400,,,ASH_COATED_OSMIUM,XIRECS,9989.0,6,-2
745600,,,ASH_COATED_OSMIUM,XIRECS,10006.0,2,-2
750000,,,ASH_COATED_OSMIUM,XIRECS,9988.0,9,-2
752600,,,ASH_COATED_OSMIUM,XIRECS,10003.0,6,-2
752900,,,ASH_COATED_OSMIUM,XIRECS,9988.0,3,-2
753100,,,ASH_COATED_OSMIUM,XIRECS,10005.0,7,-2
753400,,,ASH_COATED_OSMIUM,XIRECS,10004.0,2,-2
756700,,,ASH_COATED_OSMIUM,XIRECS,10004.0,6,-2
756700,,,ASH_COATED_OSMIUM,XIRECS,10004.0,7,-2
759200,,,ASH_COATED_OSMIUM,XIRECS,10005.0,2,-2
759300,,,ASH_COATED_OSMIUM,XIRECS,9989.0,5,-2
760600,,,ASH_COATED_OSMIUM,XIRECS,10005.0,5,-2
762200,,,ASH_COATED_OSMIUM,XIRECS,10005.0,2,-2
763400,,,ASH_COATED_OSMIUM,XIRECS,9989.0,2,-2
764800,,,ASH_COATED_OSMIUM,XIRECS,9988.0,8,-2
765200,,,ASH_COATED_OSMIUM,XIRECS,10003.0,5,-2
768500,,,ASH_COATED_OSMIUM,XIRECS,10004.0,9,-2
773100,,,ASH_COATED_OSMIUM,XIRECS,10005.0,6,-2
774200,,,ASH_COATED_OSMIUM,XIRECS,9990.0,4,-2
775300,,,ASH_COATED_OSMIUM,XIRECS,10005.0,5,-2
776400,,,ASH_COATED_OSMIUM,XIRECS,9990.0,2,-2
776700,,,ASH_COATED_OSMIUM,XIRECS,9989.0,6,-2
777000,,,ASH_COATED_OSMIUM,XIRECS,10008.0,6,-2
778400,,,ASH_COATED_OSMIUM,XIRECS,9995.0,5,-2
786600,,,ASH_COATED_OSMIUM,XIRECS,9989.0,2,-2
788400,,,ASH_COATED_OSMIUM,XIRECS,10003.0,5,-2
790200,,,ASH_COATED_OSMIUM,XIRECS,9988.0,3,-2
791700,,,ASH_COATED_OSMIUM,XIRECS,9987.0,2,-2
792800,,,ASH_COATED_OSMIUM,XIRECS,10005.0,7,-2
795100,,,ASH_COATED_OSMIUM,XIRECS,9987.0,3,-2
796500,,,ASH_COATED_OSMIUM,XIRECS,9986.0,4,-2
799600,,,ASH_COATED_OSMIUM,XIRECS,10006.0,7,-2
800100,,,ASH_COATED_OSMIUM,XIRECS,9988.0,3,-2
801800,,,ASH_COATED_OSMIUM,XIRECS,9987.0,2,-2
803900,,,ASH_COATED_OSMIUM,XIRECS,9986.0,2,-2
804900,,,ASH_COATED_OSMIUM,XIRECS,10003.0,5,-2
808400,,,ASH_COATED_OSMIUM,XIRECS,10001.0,8,-2
809500,,,ASH_COATED_OSMIUM,XIRECS,9999.0,3,-2
814300,,,ASH_COATED_OSMIUM,XIRECS,10002.0,3,-2
817900,,,ASH_COATED_OSMIUM,XIRECS,9988.0,10,-2
821000,,,ASH_COATED_OSMIUM,XIRECS,9998.0,4,-2
822700,,,ASH_COATED_OSMIUM,XIRECS,10005.0,7,-2
830100,,,ASH_COATED_OSMIUM,XIRECS,9990.0,5,-2
830500,,,ASH_COATED_OSMIUM,XIRECS,10009.0,6,-2
830700,,,ASH_COATED_OSMIUM,XIRECS,9991.0,9,-2
831800,,,ASH_COATED_OSMIUM,XIRECS,10011.0,2,-2
832300,,,ASH_COATED_OSMIUM,XIRECS,10010.0,4,-2
833300,,,ASH_COATED_OSMIUM,XIRECS,9996.0,8,-2
834300,,,ASH_COATED_OSMIUM,XIRECS,10011.0,5,-2
835200,,,ASH_COATED_OSMIUM,XIRECS,10011.0,2,-2
836900,,,ASH_COATED_OSMIUM,XIRECS,9995.0,5,-2
837000,,,ASH_COATED_OSMIUM,XIRECS,10014.0,4,-2
840000,,,ASH_COATED_OSMIUM,XIRECS,10010.0,5,-2
841100,,,ASH_COATED_OSMIUM,XIRECS,9995.0,5,-2
842200,,,ASH_COATED_OSMIUM,XIRECS,9996.0,5,-2
846300,,,ASH_COATED_OSMIUM,XIRECS,10011.0,5,-2
850000,,,ASH_COATED_OSMIUM,XIRECS,9996.0,10,-2
850600,,,ASH_COATED_OSMIUM,XIRECS,9992.0,3,-2
851200,,,ASH_COATED_OSMIUM,XIRECS,10011.0,6,-2
853400,,,ASH_COATED_OSMIUM,XIRECS,9993.0,4,-2
858400,,,ASH_COATED_OSMIUM,XIRECS,9993.0,5,-2
858600,,,ASH_COATED_OSMIUM,XIRECS,9993.0,5,-2
858600,,,ASH_COATED_OSMIUM,XIRECS,9993.0,5,-2
867300,,,ASH_COATED_OSMIUM,XIRECS,9997.0,8,-2
874800,,,ASH_COATED_OSMIUM,XIRECS,10013.0,2,-2
876400,,,ASH_COATED_OSMIUM,XIRECS,10013.0,2,-2
878100,,,ASH_COATED_OSMIUM,XIRECS,10012.0,4,-2
891300,,,ASH_COATED_OSMIUM,XIRECS,10008.0,10,-2
892800,,,ASH_COATED_OSMIUM,XIRECS,10008.0,5,-2
895700,,,ASH_COATED_OSMIUM,XIRECS,10010.0,4,-2
898400,,,ASH_COATED_OSMIUM,XIRECS,9995.0,9,-2
901700,,,ASH_COATED_OSMIUM,XIRECS,9993.0,3,-2
902500,,,ASH_COATED_OSMIUM,XIRECS,9994.0,4,-2
902700,,,ASH_COATED_OSMIUM,XIRECS,9995.0,3,-2
903500,,,ASH_COATED_OSMIUM,XIRECS,9994.0,5,-2
905800,,,ASH_COATED_OSMIUM,XIRECS,9995.0,2,-2
906100,,,ASH_COATED_OSMIUM,XIRECS,10010.0,6,-2
910600,,,ASH_COATED_OSMIUM,XIRECS,9994.0,7,-2
914300,,,ASH_COATED_OSMIUM,XIRECS,9993.0,4,-2
917400,,,ASH_COATED_OSMIUM,XIRECS,9994.0,5,-2
923300,,,ASH_COATED_OSMIUM,XIRECS,10006.0,3,-2
924600,,,ASH_COATED_OSMIUM,XIRECS,9996.0,3,-2
931300,,,ASH_COATED_OSMIUM,XIRECS,10013.0,8,-2
932500,,,ASH_COATED_OSMIUM,XIRECS,9995.0,8,-2
933500,,,ASH_COATED_OSMIUM,XIRECS,10013.0,9,-2
933700,,,ASH_COATED_OSMIUM,XIRECS,10012.0,6,-2
936100,,,ASH_COATED_OSMIUM,XIRECS,9995.0,4,-2
940100,,,ASH_COATED_OSMIUM,XIRECS,9999.0,10,-2
940600,,,ASH_COATED_OSMIUM,XIRECS,9999.0,6,-2
943100,,,ASH_COATED_OSMIUM,XIRECS,9999.0,6,-2
943600,,,ASH_COATED_OSMIUM,XIRECS,10004.0,2,-2
943900,,,ASH_COATED_OSMIUM,XIRECS,9998.0,5,-2
946000,,,ASH_COATED_OSMIUM,XIRECS,9998.0,5,-2
951300,,,ASH_COATED_OSMIUM,XIRECS,9995.0,6,-2
956100,,,ASH_COATED_OSMIUM,XIRECS,10010.0,6,-2
957400,,,ASH_COATED_OSMIUM,XIRECS,10006.0,4,-2
959400,,,ASH_COATED_OSMIUM,XIRECS,10006.0,4,-2
960200,,,ASH_COATED_OSMIUM,XIRECS,9989.0,6,-2
963200,,,ASH_COATED_OSMIUM,XIRECS,10005.0,6,-2
964800,,,ASH_COATED_OSMIUM,XIRECS,10006.0,6,-2
966000,,,ASH_COATED_OSMIUM,XIRECS,9987.0,6,-2
967000,,,ASH_COATED_OSMIUM,XIRECS,10004.0,8,-2
973400,,,ASH_COATED_OSMIUM,XIRECS,9986.0,8,-2
973700,,,ASH_COATED_OSMIUM,XIRECS,10002.0,2,-2
974900,,,ASH_COATED_OSMIUM,XIRECS,9986.0,6,-2
976500,,,ASH_COATED_OSMIUM,XIRECS,9985.0,6,-2
977100,,,ASH_COATED_OSMIUM,XIRECS,10001.0,7,-2
980800,,,ASH_COATED_OSMIUM,XIRECS,10000.0,3,-2
988000,,,ASH_COATED_OSMIUM,XIRECS,9981.0,4,-2
992000,,,ASH_COATED_OSMIUM,XIRECS,9983.0,4,-2
994200,,,ASH_COATED_OSMIUM,XIRECS,10002.0,2,-2
995300,,,ASH_COATED_OSMIUM,XIRECS,10001.0,6,-2
1000,,,INTARIAN_PEPPER_ROOT,XIRECS,9995.0,7,-2
4000,,,INTARIAN_PEPPER_ROOT,XIRECS,10007.0,7,-2
10500,,,INTARIAN_PEPPER_ROOT,XIRECS,10013.0,5,-2
12600,,,INTARIAN_PEPPER_ROOT,XIRECS,10018.0,3,-2
15000,,,INTARIAN_PEPPER_ROOT,XIRECS,10021.0,7,-2
15600,,,INTARIAN_PEPPER_ROOT,XIRECS,10021.0,3,-2
20200,,,INTARIAN_PEPPER_ROOT,XIRECS,10026.0,6,-2
21500,,,INTARIAN_PEPPER_ROOT,XIRECS,10027.0,4,-2
22600,,,INTARIAN_PEPPER_ROOT,XIRECS,10019.0,3,-2
22600,,,INTARIAN_PEPPER_ROOT,XIRECS,10019.0,4,-2
28200,,,INTARIAN_PEPPER_ROOT,XIRECS,10034.0,6,-2
29300,,,INTARIAN_PEPPER_ROOT,XIRECS,10021.0,6,-2
29400,,,INTARIAN_PEPPER_ROOT,XIRECS,10035.0,7,-2
32800,,,INTARIAN_PEPPER_ROOT,XIRECS,10038.0,3,-2
35200,,,INTARIAN_PEPPER_ROOT,XIRECS,10032.0,5,-2
37900,,,INTARIAN_PEPPER_ROOT,XIRECS,10040.0,4,-2
38600,,,INTARIAN_PEPPER_ROOT,XIRECS,10033.0,6,-2
42500,,,INTARIAN_PEPPER_ROOT,XIRECS,10037.0,3,-2
45900,,,INTARIAN_PEPPER_ROOT,XIRECS,10038.0,6,-2
46400,,,INTARIAN_PEPPER_ROOT,XIRECS,10049.0,4,-2
52900,,,INTARIAN_PEPPER_ROOT,XIRECS,10049.0,6,-2
53000,,,INTARIAN_PEPPER_ROOT,XIRECS,10049.0,6,-2
53800,,,INTARIAN_PEPPER_ROOT,XIRECS,10048.0,4,-2
55300,,,INTARIAN_PEPPER_ROOT,XIRECS,10052.0,7,-2
57200,,,INTARIAN_PEPPER_ROOT,XIRECS,10060.0,8,-2
60900,,,INTARIAN_PEPPER_ROOT,XIRECS,10066.0,6,-2
61700,,,INTARIAN_PEPPER_ROOT,XIRECS,10064.0,5,-2
64800,,,INTARIAN_PEPPER_ROOT,XIRECS,10059.0,7,-2
72400,,,INTARIAN_PEPPER_ROOT,XIRECS,10067.0,5,-2
73400,,,INTARIAN_PEPPER_ROOT,XIRECS,10079.0,3,-2
86600,,,INTARIAN_PEPPER_ROOT,XIRECS,10083.0,3,-2
88100,,,INTARIAN_PEPPER_ROOT,XIRECS,10094.0,6,-2
89000,,,INTARIAN_PEPPER_ROOT,XIRECS,10095.0,6,-2
91200,,,INTARIAN_PEPPER_ROOT,XIRECS,10086.0,5,-2
91900,,,INTARIAN_PEPPER_ROOT,XIRECS,10084.0,7,-2
98600,,,INTARIAN_PEPPER_ROOT,XIRECS,10101.0,3,-2
102000,,,INTARIAN_PEPPER_ROOT,XIRECS,10096.0,7,-2
108200,,,INTARIAN_PEPPER_ROOT,XIRECS,10114.0,6,-2
114500,,,INTARIAN_PEPPER_ROOT,XIRECS,10120.0,4,-2
117700,,,INTARIAN_PEPPER_ROOT,XIRECS,10114.0,8,-2
123300,,,INTARIAN_PEPPER_ROOT,XIRECS,10129.0,4,-2
129400,,,INTARIAN_PEPPER_ROOT,XIRECS,10132.0,5,-2
130000,,,INTARIAN_PEPPER_ROOT,XIRECS,10124.0,4,-2
131400,,,INTARIAN_PEPPER_ROOT,XIRECS,10139.0,5,-2
134600,,,INTARIAN_PEPPER_ROOT,XIRECS,10129.0,5,-2
136200,,,INTARIAN_PEPPER_ROOT,XIRECS,10139.0,7,-2
141800,,,INTARIAN_PEPPER_ROOT,XIRECS,10136.0,5,-2
144100,,,INTARIAN_PEPPER_ROOT,XIRECS,10136.0,3,-2
148600,,,INTARIAN_PEPPER_ROOT,XIRECS,10154.0,7,-2
149300,,,INTARIAN_PEPPER_ROOT,XIRECS,10144.0,3,-2
155500,,,INTARIAN_PEPPER_ROOT,XIRECS,10152.0,4,-2
156300,,,INTARIAN_PEPPER_ROOT,XIRECS,10151.0,3,-2
156800,,,INTARIAN_PEPPER_ROOT,XIRECS,10159.0,3,-2
159700,,,INTARIAN_PEPPER_ROOT,XIRECS,10156.0,7,-2
165400,,,INTARIAN_PEPPER_ROOT,XIRECS,10171.0,4,-2
169300,,,INTARIAN_PEPPER_ROOT,XIRECS,10164.0,3,-2
175000,,,INTARIAN_PEPPER_ROOT,XIRECS,10181.0,3,-2
178600,,,INTARIAN_PEPPER_ROOT,XIRECS,10175.0,4,-2
184500,,,INTARIAN_PEPPER_ROOT,XIRECS,10190.0,7,-2
184900,,,INTARIAN_PEPPER_ROOT,XIRECS,10177.0,3,-2
185600,,,INTARIAN_PEPPER_ROOT,XIRECS,10191.0,5,-2
189700,,,INTARIAN_PEPPER_ROOT,XIRECS,10192.0,6,-2
190200,,,INTARIAN_PEPPER_ROOT,XIRECS,10196.0,3,-2
193900,,,INTARIAN_PEPPER_ROOT,XIRECS,10199.0,6,-2
202400,,,INTARIAN_PEPPER_ROOT,XIRECS,10197.0,6,-2
203300,,,INTARIAN_PEPPER_ROOT,XIRECS,10198.0,6,-2
205000,,,INTARIAN_PEPPER_ROOT,XIRECS,10208.0,7,-2
206100,,,INTARIAN_PEPPER_ROOT,XIRECS,10203.0,6,-2
206400,,,INTARIAN_PEPPER_ROOT,XIRECS,10203.0,4,-2
207300,,,INTARIAN_PEPPER_ROOT,XIRECS,10202.0,5,-2
208200,,,INTARIAN_PEPPER_ROOT,XIRECS,10203.0,7,-2
208700,,,INTARIAN_PEPPER_ROOT,XIRECS,10203.0,4,-2
210300,,,INTARIAN_PEPPER_ROOT,XIRECS,10216.0,5,-2
212300,,,INTARIAN_PEPPER_ROOT,XIRECS,10218.0,6,-2
218400,,,INTARIAN_PEPPER_ROOT,XIRECS,10213.0,7,-2
219700,,,INTARIAN_PEPPER_ROOT,XIRECS,10225.0,3,-2
219900,,,INTARIAN_PEPPER_ROOT,XIRECS,10214.0,3,-2
221200,,,INTARIAN_PEPPER_ROOT,XIRECS,10218.0,8,-2
221600,,,INTARIAN_PEPPER_ROOT,XIRECS,10227.0,6,-2
225400,,,INTARIAN_PEPPER_ROOT,XIRECS,10228.0,3,-2
226400,,,INTARIAN_PEPPER_ROOT,XIRECS,10232.0,5,-2
231300,,,INTARIAN_PEPPER_ROOT,XIRECS,10234.0,7,-2
231500,,,INTARIAN_PEPPER_ROOT,XIRECS,10226.0,5,-2
231600,,,INTARIAN_PEPPER_ROOT,XIRECS,10237.0,4,-2
234600,,,INTARIAN_PEPPER_ROOT,XIRECS,10229.0,5,-2
235900,,,INTARIAN_PEPPER_ROOT,XIRECS,10244.0,6,-2
241600,,,INTARIAN_PEPPER_ROOT,XIRECS,10247.0,7,-2
243300,,,INTARIAN_PEPPER_ROOT,XIRECS,10246.0,4,-2
246100,,,INTARIAN_PEPPER_ROOT,XIRECS,10240.0,5,-2
248400,,,INTARIAN_PEPPER_ROOT,XIRECS,10257.0,7,-2
250000,,,INTARIAN_PEPPER_ROOT,XIRECS,10244.0,5,-2
250900,,,INTARIAN_PEPPER_ROOT,XIRECS,10257.0,7,-2
253000,,,INTARIAN_PEPPER_ROOT,XIRECS,10249.0,4,-2
262700,,,INTARIAN_PEPPER_ROOT,XIRECS,10265.0,3,-2
264000,,,INTARIAN_PEPPER_ROOT,XIRECS,10260.0,6,-2
265700,,,INTARIAN_PEPPER_ROOT,XIRECS,10274.0,4,-2
268700,,,INTARIAN_PEPPER_ROOT,XIRECS,10265.0,5,-2
275500,,,INTARIAN_PEPPER_ROOT,XIRECS,10270.0,6,-2
282300,,,INTARIAN_PEPPER_ROOT,XIRECS,10277.0,5,-2
283000,,,INTARIAN_PEPPER_ROOT,XIRECS,10289.0,5,-2
286200,,,INTARIAN_PEPPER_ROOT,XIRECS,10292.0,4,-2
288800,,,INTARIAN_PEPPER_ROOT,XIRECS,10283.0,5,-2
289000,,,INTARIAN_PEPPER_ROOT,XIRECS,10292.0,5,-2
292300,,,INTARIAN_PEPPER_ROOT,XIRECS,10298.0,7,-2
295100,,,INTARIAN_PEPPER_ROOT,XIRECS,10292.0,7,-2
298900,,,INTARIAN_PEPPER_ROOT,XIRECS,10291.0,3,-2
301900,,,INTARIAN_PEPPER_ROOT,XIRECS,10310.0,7,-2
311700,,,INTARIAN_PEPPER_ROOT,XIRECS,10317.0,7,-2
313600,,,INTARIAN_PEPPER_ROOT,XIRECS,10310.0,4,-2
314500,,,INTARIAN_PEPPER_ROOT,XIRECS,10309.0,5,-2
314800,,,INTARIAN_PEPPER_ROOT,XIRECS,10311.0,4,-2
321000,,,INTARIAN_PEPPER_ROOT,XIRECS,10317.0,6,-2
324800,,,INTARIAN_PEPPER_ROOT,XIRECS,10319.0,4,-2
326300,,,INTARIAN_PEPPER_ROOT,XIRECS,10321.0,7,-2
329100,,,INTARIAN_PEPPER_ROOT,XIRECS,10332.0,6,-2
334500,,,INTARIAN_PEPPER_ROOT,XIRECS,10331.0,5,-2
336400,,,INTARIAN_PEPPER_ROOT,XIRECS,10342.0,5,-2
340200,,,INTARIAN_PEPPER_ROOT,XIRECS,10348.0,3,-2
342200,,,INTARIAN_PEPPER_ROOT,XIRECS,10350.0,7,-2
344500,,,INTARIAN_PEPPER_ROOT,XIRECS,10339.0,7,-2
344500,,,INTARIAN_PEPPER_ROOT,XIRECS,10341.0,8,-2
345500,,,INTARIAN_PEPPER_ROOT,XIRECS,10340.0,6,-2
346700,,,INTARIAN_PEPPER_ROOT,XIRECS,10338.0,3,-2
347100,,,INTARIAN_PEPPER_ROOT,XIRECS,10355.0,7,-2
348000,,,INTARIAN_PEPPER_ROOT,XIRECS,10351.0,4,-2
349500,,,INTARIAN_PEPPER_ROOT,XIRECS,10344.0,7,-2
350200,,,INTARIAN_PEPPER_ROOT,XIRECS,10356.0,5,-2
352000,,,INTARIAN_PEPPER_ROOT,XIRECS,10355.0,8,-2
357200,,,INTARIAN_PEPPER_ROOT,XIRECS,10352.0,6,-2
358100,,,INTARIAN_PEPPER_ROOT,XIRECS,10360.0,7,-2
362100,,,INTARIAN_PEPPER_ROOT,XIRECS,10356.0,6,-2
363400,,,INTARIAN_PEPPER_ROOT,XIRECS,10358.0,5,-2
372700,,,INTARIAN_PEPPER_ROOT,XIRECS,10364.0,3,-2
377700,,,INTARIAN_PEPPER_ROOT,XIRECS,10383.0,6,-2
382000,,,INTARIAN_PEPPER_ROOT,XIRECS,10388.0,5,-2
383600,,,INTARIAN_PEPPER_ROOT,XIRECS,10380.0,3,-2
387800,,,INTARIAN_PEPPER_ROOT,XIRECS,10393.0,5,-2
388800,,,INTARIAN_PEPPER_ROOT,XIRECS,10383.0,3,-2
394900,,,INTARIAN_PEPPER_ROOT,XIRECS,10387.0,7,-2
395400,,,INTARIAN_PEPPER_ROOT,XIRECS,10398.0,7,-2
396000,,,INTARIAN_PEPPER_ROOT,XIRECS,10390.0,4,-2
402600,,,INTARIAN_PEPPER_ROOT,XIRECS,10394.0,3,-2
402900,,,INTARIAN_PEPPER_ROOT,XIRECS,10397.0,7,-2
403700,,,INTARIAN_PEPPER_ROOT,XIRECS,10395.0,5,-2
407200,,,INTARIAN_PEPPER_ROOT,XIRECS,10404.0,7,-2
407500,,,INTARIAN_PEPPER_ROOT,XIRECS,10413.0,5,-2
410900,,,INTARIAN_PEPPER_ROOT,XIRECS,10417.0,3,-2
413000,,,INTARIAN_PEPPER_ROOT,XIRECS,10416.0,3,-2
419500,,,INTARIAN_PEPPER_ROOT,XIRECS,10425.0,6,-2
430400,,,INTARIAN_PEPPER_ROOT,XIRECS,10422.0,5,-2
433200,,,INTARIAN_PEPPER_ROOT,XIRECS,10439.0,7,-2
433600,,,INTARIAN_PEPPER_ROOT,XIRECS,10442.0,7,-2
434800,,,INTARIAN_PEPPER_ROOT,XIRECS,10441.0,4,-2
442400,,,INTARIAN_PEPPER_ROOT,XIRECS,10439.0,8,-2
443400,,,INTARIAN_PEPPER_ROOT,XIRECS,10440.0,6,-2
457900,,,INTARIAN_PEPPER_ROOT,XIRECS,10452.0,4,-2
461000,,,INTARIAN_PEPPER_ROOT,XIRECS,10467.0,5,-2
467000,,,INTARIAN_PEPPER_ROOT,XIRECS,10473.0,6,-2
468800,,,INTARIAN_PEPPER_ROOT,XIRECS,10463.0,6,-2
469100,,,INTARIAN_PEPPER_ROOT,XIRECS,10463.0,3,-2
472900,,,INTARIAN_PEPPER_ROOT,XIRECS,10467.0,3,-2
473700,,,INTARIAN_PEPPER_ROOT,XIRECS,10468.0,3,-2
475500,,,INTARIAN_PEPPER_ROOT,XIRECS,10481.0,7,-2
478200,,,INTARIAN_PEPPER_ROOT,XIRECS,10481.0,6,-2
481300,,,INTARIAN_PEPPER_ROOT,XIRECS,10490.0,4,-2
487400,,,INTARIAN_PEPPER_ROOT,XIRECS,10493.0,6,-2
489600,,,INTARIAN_PEPPER_ROOT,XIRECS,10486.0,6,-2
501200,,,INTARIAN_PEPPER_ROOT,XIRECS,10507.0,5,-2
502300,,,INTARIAN_PEPPER_ROOT,XIRECS,10497.0,3,-2
505500,,,INTARIAN_PEPPER_ROOT,XIRECS,10511.0,5,-2
507600,,,INTARIAN_PEPPER_ROOT,XIRECS,10513.0,3,-2
508100,,,INTARIAN_PEPPER_ROOT,XIRECS,10511.0,6,-2
509500,,,INTARIAN_PEPPER_ROOT,XIRECS,10504.0,5,-2
511400,,,INTARIAN_PEPPER_ROOT,XIRECS,10508.0,3,-2
512000,,,INTARIAN_PEPPER_ROOT,XIRECS,10506.0,3,-2
514700,,,INTARIAN_PEPPER_ROOT,XIRECS,10509.0,7,-2
520500,,,INTARIAN_PEPPER_ROOT,XIRECS,10515.0,6,-2
522200,,,INTARIAN_PEPPER_ROOT,XIRECS,10516.0,6,-2
523000,,,INTARIAN_PEPPER_ROOT,XIRECS,10519.0,8,-2
526200,,,INTARIAN_PEPPER_ROOT,XIRECS,10523.0,3,-2
528000,,,INTARIAN_PEPPER_ROOT,XIRECS,10524.0,4,-2
530100,,,INTARIAN_PEPPER_ROOT,XIRECS,10533.0,6,-2
533500,,,INTARIAN_PEPPER_ROOT,XIRECS,10528.0,7,-2
533800,,,INTARIAN_PEPPER_ROOT,XIRECS,10540.0,6,-2
535700,,,INTARIAN_PEPPER_ROOT,XIRECS,10532.0,5,-2
537900,,,INTARIAN_PEPPER_ROOT,XIRECS,10540.0,6,-2
543000,,,INTARIAN_PEPPER_ROOT,XIRECS,10546.0,7,-2
545000,,,INTARIAN_PEPPER_ROOT,XIRECS,10551.0,7,-2
546800,,,INTARIAN_PEPPER_ROOT,XIRECS,10553.0,7,-2
547100,,,INTARIAN_PEPPER_ROOT,XIRECS,10543.0,5,-2
547700,,,INTARIAN_PEPPER_ROOT,XIRECS,10553.0,7,-2
550400,,,INTARIAN_PEPPER_ROOT,XIRECS,10559.0,7,-2
560900,,,INTARIAN_PEPPER_ROOT,XIRECS,10567.0,7,-2
570300,,,INTARIAN_PEPPER_ROOT,XIRECS,10565.0,4,-2
571800,,,INTARIAN_PEPPER_ROOT,XIRECS,10574.0,3,-2
574400,,,INTARIAN_PEPPER_ROOT,XIRECS,10577.0,6,-2
575600,,,INTARIAN_PEPPER_ROOT,XIRECS,10570.0,5,-2
583100,,,INTARIAN_PEPPER_ROOT,XIRECS,10589.0,5,-2
585300,,,INTARIAN_PEPPER_ROOT,XIRECS,10580.0,7,-2
586100,,,INTARIAN_PEPPER_ROOT,XIRECS,10592.0,6,-2
586900,,,INTARIAN_PEPPER_ROOT,XIRECS,10581.0,6,-2
590600,,,INTARIAN_PEPPER_ROOT,XIRECS,10596.0,5,-2
593300,,,INTARIAN_PEPPER_ROOT,XIRECS,10588.0,3,-2
597300,,,INTARIAN_PEPPER_ROOT,XIRECS,10603.0,3,-2
597600,,,INTARIAN_PEPPER_ROOT,XIRECS,10592.0,4,-2
601400,,,INTARIAN_PEPPER_ROOT,XIRECS,10596.0,6,-2
601700,,,INTARIAN_PEPPER_ROOT,XIRECS,10610.0,3,-2
609200,,,INTARIAN_PEPPER_ROOT,XIRECS,10618.0,3,-2
610400,,,INTARIAN_PEPPER_ROOT,XIRECS,10613.0,7,-2
611200,,,INTARIAN_PEPPER_ROOT,XIRECS,10608.0,4,-2
612600,,,INTARIAN_PEPPER_ROOT,XIRECS,10604.0,5,-2
613000,,,INTARIAN_PEPPER_ROOT,XIRECS,10621.0,3,-2
613900,,,INTARIAN_PEPPER_ROOT,XIRECS,10620.0,5,-2
614900,,,INTARIAN_PEPPER_ROOT,XIRECS,10611.0,5,-2
615400,,,INTARIAN_PEPPER_ROOT,XIRECS,10610.0,5,-2
625500,,,INTARIAN_PEPPER_ROOT,XIRECS,10631.0,3,-2
628300,,,INTARIAN_PEPPER_ROOT,XIRECS,10622.0,5,-2
628400,,,INTARIAN_PEPPER_ROOT,XIRECS,10620.0,6,-2
628700,,,INTARIAN_PEPPER_ROOT,XIRECS,10631.0,5,-2
631400,,,INTARIAN_PEPPER_ROOT,XIRECS,10637.0,4,-2
636400,,,INTARIAN_PEPPER_ROOT,XIRECS,10642.0,3,-2
639200,,,INTARIAN_PEPPER_ROOT,XIRECS,10631.0,3,-2
640500,,,INTARIAN_PEPPER_ROOT,XIRECS,10646.0,7,-2
644600,,,INTARIAN_PEPPER_ROOT,XIRECS,10639.0,6,-2
648000,,,INTARIAN_PEPPER_ROOT,XIRECS,10654.0,3,-2
650300,,,INTARIAN_PEPPER_ROOT,XIRECS,10644.0,7,-2
652900,,,INTARIAN_PEPPER_ROOT,XIRECS,10659.0,3,-2
654100,,,INTARIAN_PEPPER_ROOT,XIRECS,10646.0,4,-2
654200,,,INTARIAN_PEPPER_ROOT,XIRECS,10660.0,3,-2
655500,,,INTARIAN_PEPPER_ROOT,XIRECS,10652.0,6,-2
659100,,,INTARIAN_PEPPER_ROOT,XIRECS,10655.0,4,-2
662300,,,INTARIAN_PEPPER_ROOT,XIRECS,10668.0,4,-2
662600,,,INTARIAN_PEPPER_ROOT,XIRECS,10659.0,3,-2
669500,,,INTARIAN_PEPPER_ROOT,XIRECS,10675.0,6,-2
671700,,,INTARIAN_PEPPER_ROOT,XIRECS,10666.0,7,-2
676600,,,INTARIAN_PEPPER_ROOT,XIRECS,10682.0,3,-2
681300,,,INTARIAN_PEPPER_ROOT,XIRECS,10679.0,7,-2
687800,,,INTARIAN_PEPPER_ROOT,XIRECS,10691.0,5,-2
688100,,,INTARIAN_PEPPER_ROOT,XIRECS,10697.0,3,-2
693200,,,INTARIAN_PEPPER_ROOT,XIRECS,10689.0,5,-2
698300,,,INTARIAN_PEPPER_ROOT,XIRECS,10704.0,3,-2
701400,,,INTARIAN_PEPPER_ROOT,XIRECS,10707.0,3,-2
703900,,,INTARIAN_PEPPER_ROOT,XIRECS,10698.0,3,-2
709300,,,INTARIAN_PEPPER_ROOT,XIRECS,10715.0,5,-2
711700,,,INTARIAN_PEPPER_ROOT,XIRECS,10706.0,7,-2
713000,,,INTARIAN_PEPPER_ROOT,XIRECS,10719.0,6,-2
718100,,,INTARIAN_PEPPER_ROOT,XIRECS,10712.0,3,-2
719800,,,INTARIAN_PEPPER_ROOT,XIRECS,10714.0,7,-2
721900,,,INTARIAN_PEPPER_ROOT,XIRECS,10716.0,6,-2
724100,,,INTARIAN_PEPPER_ROOT,XIRECS,10720.0,8,-2
727600,,,INTARIAN_PEPPER_ROOT,XIRECS,10733.0,6,-2
728900,,,INTARIAN_PEPPER_ROOT,XIRECS,10735.0,4,-2
738200,,,INTARIAN_PEPPER_ROOT,XIRECS,10732.0,5,-2
742500,,,INTARIAN_PEPPER_ROOT,XIRECS,10737.0,4,-2
742800,,,INTARIAN_PEPPER_ROOT,XIRECS,10749.0,3,-2
745000,,,INTARIAN_PEPPER_ROOT,XIRECS,10739.0,3,-2
747000,,,INTARIAN_PEPPER_ROOT,XIRECS,10753.0,3,-2
748600,,,INTARIAN_PEPPER_ROOT,XIRECS,10743.0,4,-2
749100,,,INTARIAN_PEPPER_ROOT,XIRECS,10743.0,6,-2
750500,,,INTARIAN_PEPPER_ROOT,XIRECS,10747.0,3,-2
756600,,,INTARIAN_PEPPER_ROOT,XIRECS,10762.0,5,-2
759800,,,INTARIAN_PEPPER_ROOT,XIRECS,10763.0,5,-2
765600,,,INTARIAN_PEPPER_ROOT,XIRECS,10768.0,4,-2
767800,,,INTARIAN_PEPPER_ROOT,XIRECS,10762.0,6,-2
771000,,,INTARIAN_PEPPER_ROOT,XIRECS,10767.0,8,-2
771100,,,INTARIAN_PEPPER_ROOT,XIRECS,10774.0,6,-2
777000,,,INTARIAN_PEPPER_ROOT,XIRECS,10771.0,6,-2
778300,,,INTARIAN_PEPPER_ROOT,XIRECS,10784.0,6,-2
782000,,,INTARIAN_PEPPER_ROOT,XIRECS,10788.0,3,-2
783900,,,INTARIAN_PEPPER_ROOT,XIRECS,10778.0,3,-2
784100,,,INTARIAN_PEPPER_ROOT,XIRECS,10786.0,4,-2
787900,,,INTARIAN_PEPPER_ROOT,XIRECS,10794.0,5,-2
789700,,,INTARIAN_PEPPER_ROOT,XIRECS,10796.0,6,-2
790600,,,INTARIAN_PEPPER_ROOT,XIRECS,10787.0,4,-2
794200,,,INTARIAN_PEPPER_ROOT,XIRECS,10788.0,5,-2
794700,,,INTARIAN_PEPPER_ROOT,XIRECS,10791.0,4,-2
795300,,,INTARIAN_PEPPER_ROOT,XIRECS,10798.0,7,-2
795500,,,INTARIAN_PEPPER_ROOT,XIRECS,10787.0,4,-2
795900,,,INTARIAN_PEPPER_ROOT,XIRECS,10790.0,3,-2
796600,,,INTARIAN_PEPPER_ROOT,XIRECS,10793.0,6,-2
797900,,,INTARIAN_PEPPER_ROOT,XIRECS,10806.0,6,-2
800000,,,INTARIAN_PEPPER_ROOT,XIRECS,10794.0,4,-2
801600,,,INTARIAN_PEPPER_ROOT,XIRECS,10796.0,5,-2
804600,,,INTARIAN_PEPPER_ROOT,XIRECS,10811.0,5,-2
809500,,,INTARIAN_PEPPER_ROOT,XIRECS,10815.0,7,-2
811000,,,INTARIAN_PEPPER_ROOT,XIRECS,10814.0,3,-2
822000,,,INTARIAN_PEPPER_ROOT,XIRECS,10813.0,3,-2
826500,,,INTARIAN_PEPPER_ROOT,XIRECS,10821.0,7,-2
832500,,,INTARIAN_PEPPER_ROOT,XIRECS,10838.0,3,-2
835400,,,INTARIAN_PEPPER_ROOT,XIRECS,10829.0,3,-2
839600,,,INTARIAN_PEPPER_ROOT,XIRECS,10846.0,5,-2
840000,,,INTARIAN_PEPPER_ROOT,XIRECS,10834.0,6,-2
840200,,,INTARIAN_PEPPER_ROOT,XIRECS,10846.0,4,-2
840600,,,INTARIAN_PEPPER_ROOT,XIRECS,10835.0,6,-2
841200,,,INTARIAN_PEPPER_ROOT,XIRECS,10850.0,4,-2
841700,,,INTARIAN_PEPPER_ROOT,XIRECS,10848.0,7,-2
844700,,,INTARIAN_PEPPER_ROOT,XIRECS,10839.0,6,-2
845800,,,INTARIAN_PEPPER_ROOT,XIRECS,10837.0,4,-2
851800,,,INTARIAN_PEPPER_ROOT,XIRECS,10860.0,4,-2
864600,,,INTARIAN_PEPPER_ROOT,XIRECS,10859.0,5,-2
868000,,,INTARIAN_PEPPER_ROOT,XIRECS,10864.0,3,-2
868500,,,INTARIAN_PEPPER_ROOT,XIRECS,10866.0,6,-2
869200,,,INTARIAN_PEPPER_ROOT,XIRECS,10878.0,4,-2
870000,,,INTARIAN_PEPPER_ROOT,XIRECS,10866.0,5,-2
875400,,,INTARIAN_PEPPER_ROOT,XIRECS,10881.0,6,-2
883900,,,INTARIAN_PEPPER_ROOT,XIRECS,10875.0,5,-2
888900,,,INTARIAN_PEPPER_ROOT,XIRECS,10895.0,3,-2
893700,,,INTARIAN_PEPPER_ROOT,XIRECS,10900.0,5,-2
894100,,,INTARIAN_PEPPER_ROOT,XIRECS,10900.0,6,-2
896800,,,INTARIAN_PEPPER_ROOT,XIRECS,10891.0,3,-2
899300,,,INTARIAN_PEPPER_ROOT,XIRECS,10905.0,3,-2
901000,,,INTARIAN_PEPPER_ROOT,XIRECS,10904.0,7,-2
903300,,,INTARIAN_PEPPER_ROOT,XIRECS,10895.0,6,-2
904100,,,INTARIAN_PEPPER_ROOT,XIRECS,10910.0,5,-2
905100,,,INTARIAN_PEPPER_ROOT,XIRECS,10899.0,3,-2
905700,,,INTARIAN_PEPPER_ROOT,XIRECS,10900.0,7,-2
907500,,,INTARIAN_PEPPER_ROOT,XIRECS,10913.0,4,-2
910200,,,INTARIAN_PEPPER_ROOT,XIRECS,10906.0,6,-2
911400,,,INTARIAN_PEPPER_ROOT,XIRECS,10908.0,6,-2
912900,,,INTARIAN_PEPPER_ROOT,XIRECS,10916.0,8,-2
914800,,,INTARIAN_PEPPER_ROOT,XIRECS,10918.0,4,-2
915400,,,INTARIAN_PEPPER_ROOT,XIRECS,10907.0,5,-2
923900,,,INTARIAN_PEPPER_ROOT,XIRECS,10930.0,7,-2
924300,,,INTARIAN_PEPPER_ROOT,XIRECS,10918.0,6,-2
929200,,,INTARIAN_PEPPER_ROOT,XIRECS,10923.0,5,-2
932300,,,INTARIAN_PEPPER_ROOT,XIRECS,10926.0,3,-2
934000,,,INTARIAN_PEPPER_ROOT,XIRECS,10928.0,5,-2
938000,,,INTARIAN_PEPPER_ROOT,XIRECS,10941.0,4,-2
941700,,,INTARIAN_PEPPER_ROOT,XIRECS,10948.0,6,-2
942600,,,INTARIAN_PEPPER_ROOT,XIRECS,10937.0,6,-2
944100,,,INTARIAN_PEPPER_ROOT,XIRECS,10947.0,6,-2
947900,,,INTARIAN_PEPPER_ROOT,XIRECS,10942.0,3,-2
957200,,,INTARIAN_PEPPER_ROOT,XIRECS,10951.0,7,-2
957300,,,INTARIAN_PEPPER_ROOT,XIRECS,10951.0,3,-2
957500,,,INTARIAN_PEPPER_ROOT,XIRECS,10952.0,7,-2
965400,,,INTARIAN_PEPPER_ROOT,XIRECS,10971.0,6,-2
965600,,,INTARIAN_PEPPER_ROOT,XIRECS,10960.0,5,-2
965900,,,INTARIAN_PEPPER_ROOT,XIRECS,10972.0,3,-2
973900,,,INTARIAN_PEPPER_ROOT,XIRECS,10980.0,6,-2
981900,,,INTARIAN_PEPPER_ROOT,XIRECS,10985.0,3,-2
982600,,,INTARIAN_PEPPER_ROOT,XIRECS,10974.0,7,-2
985200,,,INTARIAN_PEPPER_ROOT,XIRECS,10994.0,4,-2
989100,,,INTARIAN_PEPPER_ROOT,XIRECS,10980.0,6,-2
997500,,,INTARIAN_PEPPER_ROOT,XIRECS,10992.0,7,-2
2800,,,ASH_COATED_OSMIUM,XIRECS,9985.0,10,-1
5200,,,ASH_COATED_OSMIUM,XIRECS,10004.0,6,-1
5200,,,ASH_COATED_OSMIUM,XIRECS,9986.0,9,-1
7500,,,ASH_COATED_OSMIUM,XIRECS,10003.0,6,-1
9000,,,ASH_COATED_OSMIUM,XIRECS,10004.0,10,-1
13000,,,ASH_COATED_OSMIUM,XIRECS,10005.0,2,-1
14600,,,ASH_COATED_OSMIUM,XIRECS,10007.0,5,-1
14900,,,ASH_COATED_OSMIUM,XIRECS,10007.0,5,-1
16600,,,ASH_COATED_OSMIUM,XIRECS,9992.0,2,-1
17200,,,ASH_COATED_OSMIUM,XIRECS,9994.0,5,-1
18700,,,ASH_COATED_OSMIUM,XIRECS,9998.0,5,-1
19300,,,ASH_COATED_OSMIUM,XIRECS,10008.0,3,-1
20900,,,ASH_COATED_OSMIUM,XIRECS,9992.0,2,-1
21500,,,ASH_COATED_OSMIUM,XIRECS,10008.0,6,-1
23100,,,ASH_COATED_OSMIUM,XIRECS,10010.0,5,-1
25300,,,ASH_COATED_OSMIUM,XIRECS,10008.0,6,-1
25900,,,ASH_COATED_OSMIUM,XIRECS,10009.0,6,-1
26300,,,ASH_COATED_OSMIUM,XIRECS,10008.0,9,-1
35900,,,ASH_COATED_OSMIUM,XIRECS,9992.0,2,-1
44700,,,ASH_COATED_OSMIUM,XIRECS,10008.0,5,-1
46700,,,ASH_COATED_OSMIUM,XIRECS,9992.0,6,-1
47600,,,ASH_COATED_OSMIUM,XIRECS,9993.0,4,-1
50300,,,ASH_COATED_OSMIUM,XIRECS,10008.0,4,-1
51200,,,ASH_COATED_OSMIUM,XIRECS,10006.0,7,-1
51700,,,ASH_COATED_OSMIUM,XIRECS,10009.0,2,-1
52800,,,ASH_COATED_OSMIUM,XIRECS,9990.0,5,-1
54200,,,ASH_COATED_OSMIUM,XIRECS,10004.0,6,-1
56500,,,ASH_COATED_OSMIUM,XIRECS,10005.0,6,-1
57200,,,ASH_COATED_OSMIUM,XIRECS,10001.0,3,-1
57700,,,ASH_COATED_OSMIUM,XIRECS,9996.0,8,-1
58000,,,ASH_COATED_OSMIUM,XIRECS,10006.0,3,-1
62000,,,ASH_COATED_OSMIUM,XIRECS,9989.0,3,-1
62400,,,ASH_COATED_OSMIUM,XIRECS,9991.0,2,-1
69900,,,ASH_COATED_OSMIUM,XIRECS,9991.0,8,-1
71300,,,ASH_COATED_OSMIUM,XIRECS,10007.0,6,-1
74000,,,ASH_COATED_OSMIUM,XIRECS,9993.0,3,-1
74200,,,ASH_COATED_OSMIUM,XIRECS,9991.0,2,-1
75700,,,ASH_COATED_OSMIUM,XIRECS,10010.0,4,-1
76600,,,ASH_COATED_OSMIUM,XIRECS,10010.0,4,-1
76900,,,ASH_COATED_OSMIUM,XIRECS,10010.0,4,-1
77300,,,ASH_COATED_OSMIUM,XIRECS,9993.0,5,-1
78000,,,ASH_COATED_OSMIUM,XIRECS,10011.0,2,-1
88400,,,ASH_COATED_OSMIUM,XIRECS,10010.0,4,-1
89700,,,ASH_COATED_OSMIUM,XIRECS,10013.0,8,-1
98200,,,ASH_COATED_OSMIUM,XIRECS,10007.0,9,-1
100500,,,ASH_COATED_OSMIUM,XIRECS,9990.0,5,-1
101100,,,ASH_COATED_OSMIUM,XIRECS,9990.0,2,-1
101900,,,ASH_COATED_OSMIUM,XIRECS,10006.0,6,-1
102000,,,ASH_COATED_OSMIUM,XIRECS,9988.0,2,-1
103000,,,ASH_COATED_OSMIUM,XIRECS,9992.0,5,-1
104800,,,ASH_COATED_OSMIUM,XIRECS,9992.0,6,-1
117400,,,ASH_COATED_OSMIUM,XIRECS,10007.0,9,-1
118100,,,ASH_COATED_OSMIUM,XIRECS,9991.0,3,-1
123500,,,ASH_COATED_OSMIUM,XIRECS,10008.0,6,-1
125500,,,ASH_COATED_OSMIUM,XIRECS,9988.0,10,-1
126600,,,ASH_COATED_OSMIUM,XIRECS,9988.0,6,-1
128900,,,ASH_COATED_OSMIUM,XIRECS,9987.0,3,-1
130100,,,ASH_COATED_OSMIUM,XIRECS,9986.0,2,-1
130400,,,ASH_COATED_OSMIUM,XIRECS,10002.0,6,-1
131300,,,ASH_COATED_OSMIUM,XIRECS,10003.0,10,-1
132100,,,ASH_COATED_OSMIUM,XIRECS,9988.0,3,-1
137700,,,ASH_COATED_OSMIUM,XIRECS,9989.0,3,-1
141100,,,ASH_COATED_OSMIUM,XIRECS,9991.0,3,-1
145800,,,ASH_COATED_OSMIUM,XIRECS,10009.0,10,-1
145900,,,ASH_COATED_OSMIUM,XIRECS,10012.0,9,-1
146600,,,ASH_COATED_OSMIUM,XIRECS,9994.0,2,-1
146700,,,ASH_COATED_OSMIUM,XIRECS,10009.0,7,-1
147300,,,ASH_COATED_OSMIUM,XIRECS,9993.0,6,-1
148400,,,ASH_COATED_OSMIUM,XIRECS,9994.0,6,-1
149000,,,ASH_COATED_OSMIUM,XIRECS,10009.0,3,-1
152000,,,ASH_COATED_OSMIUM,XIRECS,9992.0,2,-1
153700,,,ASH_COATED_OSMIUM,XIRECS,9994.0,5,-1
160700,,,ASH_COATED_OSMIUM,XIRECS,10008.0,7,-1
161400,,,ASH_COATED_OSMIUM,XIRECS,10009.0,9,-1
161900,,,ASH_COATED_OSMIUM,XIRECS,9993.0,6,-1
169400,,,ASH_COATED_OSMIUM,XIRECS,9989.0,2,-1
175500,,,ASH_COATED_OSMIUM,XIRECS,9993.0,6,-1
176900,,,ASH_COATED_OSMIUM,XIRECS,9992.0,2,-1
182500,,,ASH_COATED_OSMIUM,XIRECS,9994.0,10,-1
184500,,,ASH_COATED_OSMIUM,XIRECS,10011.0,6,-1
191400,,,ASH_COATED_OSMIUM,XIRECS,9996.0,6,-1
191600,,,ASH_COATED_OSMIUM,XIRECS,9996.0,6,-1
193500,,,ASH_COATED_OSMIUM,XIRECS,10002.0,3,-1
193700,,,ASH_COATED_OSMIUM,XIRECS,9994.0,3,-1
203200,,,ASH_COATED_OSMIUM,XIRECS,9991.0,6,-1
206100,,,ASH_COATED_OSMIUM,XIRECS,10009.0,4,-1
207700,,,ASH_COATED_OSMIUM,XIRECS,9990.0,5,-1
208500,,,ASH_COATED_OSMIUM,XIRECS,10009.0,4,-1
216000,,,ASH_COATED_OSMIUM,XIRECS,10008.0,4,-1
218000,,,ASH_COATED_OSMIUM,XIRECS,9995.0,3,-1
218600,,,ASH_COATED_OSMIUM,XIRECS,10010.0,4,-1
219900,,,ASH_COATED_OSMIUM,XIRECS,9991.0,6,-1
221000,,,ASH_COATED_OSMIUM,XIRECS,9995.0,8,-1
221700,,,ASH_COATED_OSMIUM,XIRECS,10011.0,10,-1
222000,,,ASH_COATED_OSMIUM,XIRECS,10011.0,4,-1
228800,,,ASH_COATED_OSMIUM,XIRECS,9993.0,3,-1
232900,,,ASH_COATED_OSMIUM,XIRECS,10011.0,3,-1
235800,,,ASH_COATED_OSMIUM,XIRECS,10013.0,3,-1
236300,,,ASH_COATED_OSMIUM,XIRECS,10010.0,4,-1
239500,,,ASH_COATED_OSMIUM,XIRECS,10011.0,7,-1
240800,,,ASH_COATED_OSMIUM,XIRECS,10012.0,6,-1
241800,,,ASH_COATED_OSMIUM,XIRECS,10010.0,3,-1
244200,,,ASH_COATED_OSMIUM,XIRECS,10010.0,5,-1
245100,,,ASH_COATED_OSMIUM,XIRECS,10012.0,7,-1
245800,,,ASH_COATED_OSMIUM,XIRECS,10009.0,6,-1
246400,,,ASH_COATED_OSMIUM,XIRECS,10010.0,4,-1
250800,,,ASH_COATED_OSMIUM,XIRECS,9992.0,5,-1
251100,,,ASH_COATED_OSMIUM,XIRECS,10001.0,3,-1
251700,,,ASH_COATED_OSMIUM,XIRECS,9992.0,10,-1
253300,,,ASH_COATED_OSMIUM,XIRECS,9992.0,7,-1
262200,,,ASH_COATED_OSMIUM,XIRECS,9994.0,2,-1
262300,,,ASH_COATED_OSMIUM,XIRECS,10010.0,3,-1
262400,,,ASH_COATED_OSMIUM,XIRECS,10010.0,6,-1
264100,,,ASH_COATED_OSMIUM,XIRECS,10010.0,6,-1
264200,,,ASH_COATED_OSMIUM,XIRECS,10009.0,5,-1
273500,,,ASH_COATED_OSMIUM,XIRECS,9999.0,4,-1
274200,,,ASH_COATED_OSMIUM,XIRECS,9989.0,6,-1
277500,,,ASH_COATED_OSMIUM,XIRECS,10005.0,5,-1
279800,,,ASH_COATED_OSMIUM,XIRECS,9992.0,4,-1
280500,,,ASH_COATED_OSMIUM,XIRECS,10006.0,5,-1
280700,,,ASH_COATED_OSMIUM,XIRECS,10008.0,5,-1
285200,,,ASH_COATED_OSMIUM,XIRECS,10007.0,6,-1
288100,,,ASH_COATED_OSMIUM,XIRECS,9989.0,5,-1
288700,,,ASH_COATED_OSMIUM,XIRECS,9989.0,10,-1
290500,,,ASH_COATED_OSMIUM,XIRECS,9988.0,6,-1
291800,,,ASH_COATED_OSMIUM,XIRECS,9986.0,6,-1
302900,,,ASH_COATED_OSMIUM,XIRECS,9993.0,7,-1
306200,,,ASH_COATED_OSMIUM,XIRECS,9992.0,9,-1
307800,,,ASH_COATED_OSMIUM,XIRECS,10011.0,6,-1
308100,,,ASH_COATED_OSMIUM,XIRECS,9995.0,3,-1
310200,,,ASH_COATED_OSMIUM,XIRECS,9996.0,7,-1
310300,,,ASH_COATED_OSMIUM,XIRECS,10002.0,5,-1
311400,,,ASH_COATED_OSMIUM,XIRECS,9996.0,7,-1
312600,,,ASH_COATED_OSMIUM,XIRECS,10012.0,2,-1
312900,,,ASH_COATED_OSMIUM,XIRECS,10001.0,5,-1
315000,,,ASH_COATED_OSMIUM,XIRECS,10012.0,5,-1
315300,,,ASH_COATED_OSMIUM,XIRECS,9997.0,9,-1
320700,,,ASH_COATED_OSMIUM,XIRECS,10013.0,10,-1
324600,,,ASH_COATED_OSMIUM,XIRECS,9999.0,3,-1
325900,,,ASH_COATED_OSMIUM,XIRECS,10018.0,3,-1
329600,,,ASH_COATED_OSMIUM,XIRECS,10016.0,3,-1
329700,,,ASH_COATED_OSMIUM,XIRECS,10016.0,2,-1
329900,,,ASH_COATED_OSMIUM,XIRECS,10000.0,8,-1
331400,,,ASH_COATED_OSMIUM,XIRECS,10000.0,5,-1
335700,,,ASH_COATED_OSMIUM,XIRECS,10016.0,7,-1
336000,,,ASH_COATED_OSMIUM,XIRECS,10016.0,5,-1
337000,,,ASH_COATED_OSMIUM,XIRECS,10019.0,10,-1
337400,,,ASH_COATED_OSMIUM,XIRECS,10015.0,2,-1
348700,,,ASH_COATED_OSMIUM,XIRECS,10013.0,8,-1
349700,,,ASH_COATED_OSMIUM,XIRECS,9992.0,6,-1
352100,,,ASH_COATED_OSMIUM,XIRECS,10011.0,4,-1
352300,,,ASH_COATED_OSMIUM,XIRECS,10011.0,2,-1
353900,,,ASH_COATED_OSMIUM,XIRECS,9993.0,5,-1
354300,,,ASH_COATED_OSMIUM,XIRECS,9989.0,5,-1
355200,,,ASH_COATED_OSMIUM,XIRECS,10007.0,7,-1
356300,,,ASH_COATED_OSMIUM,XIRECS,9998.0,4,-1
356400,,,ASH_COATED_OSMIUM,XIRECS,9992.0,5,-1
358000,,,ASH_COATED_OSMIUM,XIRECS,9997.0,4,-1
358400,,,ASH_COATED_OSMIUM,XIRECS,10007.0,10,-1
359000,,,ASH_COATED_OSMIUM,XIRECS,10008.0,3,-1
359900,,,ASH_COATED_OSMIUM,XIRECS,9992.0,9,-1
368500,,,ASH_COATED_OSMIUM,XIRECS,9993.0,3,-1
374200,,,ASH_COATED_OSMIUM,XIRECS,9993.0,10,-1
374400,,,ASH_COATED_OSMIUM,XIRECS,10009.0,8,-1
375600,,,ASH_COATED_OSMIUM,XIRECS,10008.0,4,-1
377100,,,ASH_COATED_OSMIUM,XIRECS,10008.0,6,-1
377300,,,ASH_COATED_OSMIUM,XIRECS,10009.0,8,-1
379500,,,ASH_COATED_OSMIUM,XIRECS,10013.0,10,-1
380900,,,ASH_COATED_OSMIUM,XIRECS,9996.0,4,-1
386500,,,ASH_COATED_OSMIUM,XIRECS,10011.0,5,-1
388100,,,ASH_COATED_OSMIUM,XIRECS,9994.0,8,-1
390900,,,ASH_COATED_OSMIUM,XIRECS,9995.0,2,-1
393600,,,ASH_COATED_OSMIUM,XIRECS,9997.0,10,-1
395100,,,ASH_COATED_OSMIUM,XIRECS,9999.0,2,-1
399200,,,ASH_COATED_OSMIUM,XIRECS,9999.0,4,-1
400700,,,ASH_COATED_OSMIUM,XIRECS,10015.0,4,-1
405700,,,ASH_COATED_OSMIUM,XIRECS,10010.0,4,-1
406300,,,ASH_COATED_OSMIUM,XIRECS,9992.0,7,-1
407500,,,ASH_COATED_OSMIUM,XIRECS,10012.0,5,-1
407600,,,ASH_COATED_OSMIUM,XIRECS,10009.0,8,-1
408000,,,ASH_COATED_OSMIUM,XIRECS,10009.0,2,-1
411700,,,ASH_COATED_OSMIUM,XIRECS,9993.0,10,-1
413100,,,ASH_COATED_OSMIUM,XIRECS,10010.0,7,-1
415200,,,ASH_COATED_OSMIUM,XIRECS,10012.0,5,-1
418300,,,ASH_COATED_OSMIUM,XIRECS,10009.0,5,-1
423400,,,ASH_COATED_OSMIUM,XIRECS,9994.0,6,-1
423900,,,ASH_COATED_OSMIUM,XIRECS,9995.0,2,-1
424300,,,ASH_COATED_OSMIUM,XIRECS,9994.0,6,-1
424400,,,ASH_COATED_OSMIUM,XIRECS,9994.0,6,-1
424900,,,ASH_COATED_OSMIUM,XIRECS,10009.0,3,-1
426300,,,ASH_COATED_OSMIUM,XIRECS,9991.0,4,-1
428300,,,ASH_COATED_OSMIUM,XIRECS,10010.0,5,-1
430400,,,ASH_COATED_OSMIUM,XIRECS,10004.0,4,-1
430900,,,ASH_COATED_OSMIUM,XIRECS,10014.0,5,-1
433200,,,ASH_COATED_OSMIUM,XIRECS,9996.0,4,-1
435200,,,ASH_COATED_OSMIUM,XIRECS,10013.0,6,-1
438600,,,ASH_COATED_OSMIUM,XIRECS,9998.0,8,-1
444300,,,ASH_COATED_OSMIUM,XIRECS,9997.0,3,-1
454100,,,ASH_COATED_OSMIUM,XIRECS,10014.0,6,-1
469000,,,ASH_COATED_OSMIUM,XIRECS,9993.0,2,-1
476700,,,ASH_COATED_OSMIUM,XIRECS,10010.0,9,-1
477600,,,ASH_COATED_OSMIUM,XIRECS,9993.0,10,-1
483900,,,ASH_COATED_OSMIUM,XIRECS,10009.0,4,-1
487100,,,ASH_COATED_OSMIUM,XIRECS,9994.0,3,-1
488600,,,ASH_COATED_OSMIUM,XIRECS,9992.0,9,-1
491600,,,ASH_COATED_OSMIUM,XIRECS,10010.0,2,-1
492600,,,ASH_COATED_OSMIUM,XIRECS,9995.0,5,-1
495600,,,ASH_COATED_OSMIUM,XIRECS,10013.0,6,-1
495800,,,ASH_COATED_OSMIUM,XIRECS,9997.0,9,-1
496100,,,ASH_COATED_OSMIUM,XIRECS,9997.0,3,-1
497700,,,ASH_COATED_OSMIUM,XIRECS,10001.0,5,-1
500000,,,ASH_COATED_OSMIUM,XIRECS,10011.0,5,-1
503500,,,ASH_COATED_OSMIUM,XIRECS,9994.0,4,-1
505900,,,ASH_COATED_OSMIUM,XIRECS,9993.0,4,-1
506600,,,ASH_COATED_OSMIUM,XIRECS,10009.0,6,-1
509900,,,ASH_COATED_OSMIUM,XIRECS,9995.0,2,-1
510400,,,ASH_COATED_OSMIUM,XIRECS,9995.0,6,-1
516600,,,ASH_COATED_OSMIUM,XIRECS,9996.0,4,-1
519100,,,ASH_COATED_OSMIUM,XIRECS,10012.0,5,-1
522400,,,ASH_COATED_OSMIUM,XIRECS,9995.0,5,-1
524200,,,ASH_COATED_OSMIUM,XIRECS,10012.0,10,-1
525200,,,ASH_COATED_OSMIUM,XIRECS,9995.0,5,-1
527900,,,ASH_COATED_OSMIUM,XIRECS,10011.0,5,-1
531800,,,ASH_COATED_OSMIUM,XIRECS,10013.0,5,-1
534100,,,ASH_COATED_OSMIUM,XIRECS,9994.0,2,-1
535800,,,ASH_COATED_OSMIUM,XIRECS,9994.0,5,-1
536000,,,ASH_COATED_OSMIUM,XIRECS,9994.0,4,-1
538800,,,ASH_COATED_OSMIUM,XIRECS,10006.0,5,-1
541900,,,ASH_COATED_OSMIUM,XIRECS,10007.0,5,-1
545000,,,ASH_COATED_OSMIUM,XIRECS,9991.0,6,-1
547600,,,ASH_COATED_OSMIUM,XIRECS,10006.0,2,-1
548100,,,ASH_COATED_OSMIUM,XIRECS,10009.0,4,-1
549600,,,ASH_COATED_OSMIUM,XIRECS,10005.0,10,-1
562200,,,ASH_COATED_OSMIUM,XIRECS,9989.0,2,-1
564800,,,ASH_COATED_OSMIUM,XIRECS,9987.0,4,-1
567700,,,ASH_COATED_OSMIUM,XIRECS,9989.0,4,-1
571600,,,ASH_COATED_OSMIUM,XIRECS,10008.0,5,-1
572700,,,ASH_COATED_OSMIUM,XIRECS,10008.0,3,-1
573000,,,ASH_COATED_OSMIUM,XIRECS,9991.0,5,-1
573400,,,ASH_COATED_OSMIUM,XIRECS,10007.0,3,-1
575700,,,ASH_COATED_OSMIUM,XIRECS,10008.0,3,-1
581000,,,ASH_COATED_OSMIUM,XIRECS,9989.0,6,-1
582600,,,ASH_COATED_OSMIUM,XIRECS,10007.0,4,-1
587000,,,ASH_COATED_OSMIUM,XIRECS,10008.0,6,-1
588200,,,ASH_COATED_OSMIUM,XIRECS,10002.0,4,-1
589500,,,ASH_COATED_OSMIUM,XIRECS,9992.0,3,-1
592100,,,ASH_COATED_OSMIUM,XIRECS,9992.0,5,-1
594000,,,ASH_COATED_OSMIUM,XIRECS,9989.0,6,-1
596100,,,ASH_COATED_OSMIUM,XIRECS,9990.0,9,-1
598000,,,ASH_COATED_OSMIUM,XIRECS,9990.0,6,-1
605600,,,ASH_COATED_OSMIUM,XIRECS,10008.0,5,-1
607000,,,ASH_COATED_OSMIUM,XIRECS,10008.0,2,-1
610200,,,ASH_COATED_OSMIUM,XIRECS,9994.0,8,-1
614900,,,ASH_COATED_OSMIUM,XIRECS,9995.0,5,-1
618000,,,ASH_COATED_OSMIUM,XIRECS,10010.0,6,-1
620400,,,ASH_COATED_OSMIUM,XIRECS,9994.0,6,-1
621900,,,ASH_COATED_OSMIUM,XIRECS,9994.0,2,-1
628200,,,ASH_COATED_OSMIUM,XIRECS,9994.0,4,-1
628500,,,ASH_COATED_OSMIUM,XIRECS,10010.0,7,-1
636500,,,ASH_COATED_OSMIUM,XIRECS,10013.0,6,-1
637800,,,ASH_COATED_OSMIUM,XIRECS,10013.0,5,-1
643800,,,ASH_COATED_OSMIUM,XIRECS,9996.0,5,-1
644200,,,ASH_COATED_OSMIUM,XIRECS,10013.0,5,-1
644600,,,ASH_COATED_OSMIUM,XIRECS,10013.0,8,-1
647000,,,ASH_COATED_OSMIUM,XIRECS,10014.0,4,-1
647400,,,ASH_COATED_OSMIUM,XIRECS,10015.0,5,-1
649900,,,ASH_COATED_OSMIUM,XIRECS,10015.0,6,-1
650300,,,ASH_COATED_OSMIUM,XIRECS,9996.0,9,-1
651300,,,ASH_COATED_OSMIUM,XIRECS,10015.0,6,-1
654500,,,ASH_COATED_OSMIUM,XIRECS,10015.0,5,-1
656300,,,ASH_COATED_OSMIUM,XIRECS,10004.0,7,-1
657400,,,ASH_COATED_OSMIUM,XIRECS,10016.0,5,-1
659600,,,ASH_COATED_OSMIUM,XIRECS,10001.0,4,-1
660400,,,ASH_COATED_OSMIUM,XIRECS,10017.0,2,-1
660400,,,ASH_COATED_OSMIUM,XIRECS,10001.0,7,-1
662400,,,ASH_COATED_OSMIUM,XIRECS,10001.0,5,-1
662500,,,ASH_COATED_OSMIUM,XIRECS,10016.0,3,-1
663100,,,ASH_COATED_OSMIUM,XIRECS,10017.0,6,-1
663200,,,ASH_COATED_OSMIUM,XIRECS,10016.0,4,-1
665400,,,ASH_COATED_OSMIUM,XIRECS,10001.0,8,-1
667100,,,ASH_COATED_OSMIUM,XIRECS,10018.0,3,-1
671500,,,ASH_COATED_OSMIUM,XIRECS,10003.0,5,-1
673400,,,ASH_COATED_OSMIUM,XIRECS,10007.0,3,-1
677400,,,ASH_COATED_OSMIUM,XIRECS,9999.0,8,-1
680400,,,ASH_COATED_OSMIUM,XIRECS,10017.0,6,-1
685300,,,ASH_COATED_OSMIUM,XIRECS,10016.0,6,-1
689700,,,ASH_COATED_OSMIUM,XIRECS,9998.0,6,-1
693400,,,ASH_COATED_OSMIUM,XIRECS,10014.0,8,-1
693900,,,ASH_COATED_OSMIUM,XIRECS,10015.0,6,-1
694100,,,ASH_COATED_OSMIUM,XIRECS,10016.0,8,-1
694300,,,ASH_COATED_OSMIUM,XIRECS,9995.0,2,-1
699500,,,ASH_COATED_OSMIUM,XIRECS,9996.0,6,-1
705000,,,ASH_COATED_OSMIUM,XIRECS,10005.0,2,-1
705600,,,ASH_COATED_OSMIUM,XIRECS,10013.0,3,-1
706200,,,ASH_COATED_OSMIUM,XIRECS,10011.0,6,-1
708200,,,ASH_COATED_OSMIUM,XIRECS,9995.0,10,-1
709100,,,ASH_COATED_OSMIUM,XIRECS,10013.0,2,-1
709900,,,ASH_COATED_OSMIUM,XIRECS,9992.0,5,-1
710200,,,ASH_COATED_OSMIUM,XIRECS,10008.0,4,-1
711100,,,ASH_COATED_OSMIUM,XIRECS,9990.0,3,-1
711900,,,ASH_COATED_OSMIUM,XIRECS,10006.0,7,-1
714600,,,ASH_COATED_OSMIUM,XIRECS,10009.0,6,-1
718200,,,ASH_COATED_OSMIUM,XIRECS,9994.0,7,-1
727200,,,ASH_COATED_OSMIUM,XIRECS,9991.0,9,-1
729400,,,ASH_COATED_OSMIUM,XIRECS,10007.0,10,-1
729500,,,ASH_COATED_OSMIUM,XIRECS,9991.0,4,-1
729500,,,ASH_COATED_OSMIUM,XIRECS,9991.0,6,-1
731900,,,ASH_COATED_OSMIUM,XIRECS,10008.0,5,-1
732800,,,ASH_COATED_OSMIUM,XIRECS,10008.0,2,-1
736300,,,ASH_COATED_OSMIUM,XIRECS,9986.0,10,-1
740000,,,ASH_COATED_OSMIUM,XIRECS,10005.0,2,-1
740200,,,ASH_COATED_OSMIUM,XIRECS,10005.0,9,-1
741500,,,ASH_COATED_OSMIUM,XIRECS,10005.0,2,-1
742300,,,ASH_COATED_OSMIUM,XIRECS,9987.0,6,-1
744200,,,ASH_COATED_OSMIUM,XIRECS,9995.0,4,-1
745200,,,ASH_COATED_OSMIUM,XIRECS,10000.0,10,-1
745600,,,ASH_COATED_OSMIUM,XIRECS,9985.0,6,-1
747500,,,ASH_COATED_OSMIUM,XIRECS,10003.0,2,-1
753100,,,ASH_COATED_OSMIUM,XIRECS,9985.0,4,-1
759900,,,ASH_COATED_OSMIUM,XIRECS,10001.0,6,-1
761900,,,ASH_COATED_OSMIUM,XIRECS,10002.0,9,-1
762800,,,ASH_COATED_OSMIUM,XIRECS,9997.0,8,-1
765800,,,ASH_COATED_OSMIUM,XIRECS,9994.0,4,-1
768500,,,ASH_COATED_OSMIUM,XIRECS,9993.0,2,-1
773000,,,ASH_COATED_OSMIUM,XIRECS,9992.0,2,-1
774300,,,ASH_COATED_OSMIUM,XIRECS,9995.0,9,-1
776200,,,ASH_COATED_OSMIUM,XIRECS,10010.0,4,-1
778300,,,ASH_COATED_OSMIUM,XIRECS,9994.0,5,-1
778600,,,ASH_COATED_OSMIUM,XIRECS,10009.0,7,-1
787800,,,ASH_COATED_OSMIUM,XIRECS,9992.0,3,-1
792100,,,ASH_COATED_OSMIUM,XIRECS,9987.0,9,-1
797000,,,ASH_COATED_OSMIUM,XIRECS,10003.0,2,-1
799500,,,ASH_COATED_OSMIUM,XIRECS,9988.0,2,-1
802300,,,ASH_COATED_OSMIUM,XIRECS,9986.0,6,-1
805500,,,ASH_COATED_OSMIUM,XIRECS,9986.0,8,-1
818800,,,ASH_COATED_OSMIUM,XIRECS,9988.0,2,-1
821700,,,ASH_COATED_OSMIUM,XIRECS,10004.0,6,-1
826700,,,ASH_COATED_OSMIUM,XIRECS,9982.0,6,-1
827600,,,ASH_COATED_OSMIUM,XIRECS,9982.0,2,-1
830500,,,ASH_COATED_OSMIUM,XIRECS,9998.0,3,-1
830600,,,ASH_COATED_OSMIUM,XIRECS,9998.0,7,-1
834000,,,ASH_COATED_OSMIUM,XIRECS,9992.0,3,-1
835100,,,ASH_COATED_OSMIUM,XIRECS,10005.0,3,-1
840600,,,ASH_COATED_OSMIUM,XIRECS,9988.0,2,-1
842600,,,ASH_COATED_OSMIUM,XIRECS,10004.0,3,-1
845900,,,ASH_COATED_OSMIUM,XIRECS,9989.0,9,-1
847200,,,ASH_COATED_OSMIUM,XIRECS,9989.0,3,-1
850900,,,ASH_COATED_OSMIUM,XIRECS,10004.0,5,-1
852400,,,ASH_COATED_OSMIUM,XIRECS,9986.0,5,-1
855000,,,ASH_COATED_OSMIUM,XIRECS,9989.0,4,-1
861700,,,ASH_COATED_OSMIUM,XIRECS,9990.0,3,-1
864700,,,ASH_COATED_OSMIUM,XIRECS,10008.0,6,-1
865200,,,ASH_COATED_OSMIUM,XIRECS,10006.0,5,-1
868300,,,ASH_COATED_OSMIUM,XIRECS,10008.0,4,-1
871400,,,ASH_COATED_OSMIUM,XIRECS,9995.0,9,-1
873900,,,ASH_COATED_OSMIUM,XIRECS,9992.0,5,-1
874900,,,ASH_COATED_OSMIUM,XIRECS,9992.0,7,-1
875600,,,ASH_COATED_OSMIUM,XIRECS,9992.0,4,-1
875800,,,ASH_COATED_OSMIUM,XIRECS,9992.0,6,-1
875900,,,ASH_COATED_OSMIUM,XIRECS,9992.0,6,-1
881900,,,ASH_COATED_OSMIUM,XIRECS,10012.0,10,-1
883100,,,ASH_COATED_OSMIUM,XIRECS,10010.0,2,-1
884800,,,ASH_COATED_OSMIUM,XIRECS,10010.0,8,-1
888100,,,ASH_COATED_OSMIUM,XIRECS,9991.0,6,-1
888200,,,ASH_COATED_OSMIUM,XIRECS,9994.0,5,-1
888600,,,ASH_COATED_OSMIUM,XIRECS,10010.0,2,-1
891300,,,ASH_COATED_OSMIUM,XIRECS,10003.0,3,-1
896700,,,ASH_COATED_OSMIUM,XIRECS,9993.0,3,-1
896900,,,ASH_COATED_OSMIUM,XIRECS,10011.0,10,-1
898000,,,ASH_COATED_OSMIUM,XIRECS,10009.0,10,-1
898800,,,ASH_COATED_OSMIUM,XIRECS,10008.0,4,-1
899100,,,ASH_COATED_OSMIUM,XIRECS,9992.0,9,-1
899600,,,ASH_COATED_OSMIUM,XIRECS,10008.0,5,-1
902700,,,ASH_COATED_OSMIUM,XIRECS,9987.0,4,-1
904100,,,ASH_COATED_OSMIUM,XIRECS,9991.0,3,-1
904700,,,ASH_COATED_OSMIUM,XIRECS,10005.0,6,-1
907700,,,ASH_COATED_OSMIUM,XIRECS,10007.0,5,-1
911300,,,ASH_COATED_OSMIUM,XIRECS,9990.0,6,-1
912500,,,ASH_COATED_OSMIUM,XIRECS,10007.0,5,-1
914500,,,ASH_COATED_OSMIUM,XIRECS,9986.0,10,-1
914700,,,ASH_COATED_OSMIUM,XIRECS,10006.0,5,-1
915600,,,ASH_COATED_OSMIUM,XIRECS,9990.0,5,-1
917100,,,ASH_COATED_OSMIUM,XIRECS,9990.0,6,-1
919000,,,ASH_COATED_OSMIUM,XIRECS,10005.0,3,-1
920000,,,ASH_COATED_OSMIUM,XIRECS,10006.0,5,-1
921500,,,ASH_COATED_OSMIUM,XIRECS,9989.0,4,-1
922500,,,ASH_COATED_OSMIUM,XIRECS,9988.0,5,-1
922600,,,ASH_COATED_OSMIUM,XIRECS,10008.0,3,-1
925200,,,ASH_COATED_OSMIUM,XIRECS,9989.0,2,-1
929800,,,ASH_COATED_OSMIUM,XIRECS,10004.0,3,-1
934300,,,ASH_COATED_OSMIUM,XIRECS,9990.0,6,-1
935000,,,ASH_COATED_OSMIUM,XIRECS,10007.0,5,-1
935200,,,ASH_COATED_OSMIUM,XIRECS,10005.0,3,-1
936400,,,ASH_COATED_OSMIUM,XIRECS,9987.0,3,-1
936400,,,ASH_COATED_OSMIUM,XIRECS,10006.0,6,-1
937900,,,ASH_COATED_OSMIUM,XIRECS,10006.0,2,-1
939300,,,ASH_COATED_OSMIUM,XIRECS,10006.0,2,-1
939400,,,ASH_COATED_OSMIUM,XIRECS,10008.0,3,-1
939900,,,ASH_COATED_OSMIUM,XIRECS,9990.0,4,-1
940300,,,ASH_COATED_OSMIUM,XIRECS,9990.0,6,-1
940900,,,ASH_COATED_OSMIUM,XIRECS,9991.0,4,-1
940900,,,ASH_COATED_OSMIUM,XIRECS,9991.0,9,-1
948900,,,ASH_COATED_OSMIUM,XIRECS,9995.0,4,-1
951500,,,ASH_COATED_OSMIUM,XIRECS,9996.0,6,-1
952000,,,ASH_COATED_OSMIUM,XIRECS,9995.0,6,-1
952900,,,ASH_COATED_OSMIUM,XIRECS,9992.0,9,-1
954500,,,ASH_COATED_OSMIUM,XIRECS,9995.0,5,-1
954800,,,ASH_COATED_OSMIUM,XIRECS,10010.0,5,-1
954800,,,ASH_COATED_OSMIUM,XIRECS,9994.0,7,-1
955200,,,ASH_COATED_OSMIUM,XIRECS,10010.0,6,-1
955300,,,ASH_COATED_OSMIUM,XIRECS,9995.0,6,-1
962100,,,ASH_COATED_OSMIUM,XIRECS,10015.0,5,-1
968200,,,ASH_COATED_OSMIUM,XIRECS,9995.0,3,-1
968700,,,ASH_COATED_OSMIUM,XIRECS,9994.0,6,-1
969300,,,ASH_COATED_OSMIUM,XIRECS,9995.0,3,-1
973300,,,ASH_COATED_OSMIUM,XIRECS,9994.0,2,-1
983900,,,ASH_COATED_OSMIUM,XIRECS,10012.0,7,-1
984200,,,ASH_COATED_OSMIUM,XIRECS,9996.0,2,-1
987100,,,ASH_COATED_OSMIUM,XIRECS,9996.0,6,-1
988000,,,ASH_COATED_OSMIUM,XIRECS,10011.0,6,-1
988100,,,ASH_COATED_OSMIUM,XIRECS,10011.0,8,-1
994100,,,ASH_COATED_OSMIUM,XIRECS,9993.0,10,-1
995800,,,ASH_COATED_OSMIUM,XIRECS,9993.0,6,-1
997100,,,ASH_COATED_OSMIUM,XIRECS,10009.0,6,-1
997800,,,ASH_COATED_OSMIUM,XIRECS,9994.0,5,-1
3000,,,INTARIAN_PEPPER_ROOT,XIRECS,10999.0,8,-1
4200,,,INTARIAN_PEPPER_ROOT,XIRECS,10995.0,4,-1
6300,,,INTARIAN_PEPPER_ROOT,XIRECS,11000.0,4,-1
17900,,,INTARIAN_PEPPER_ROOT,XIRECS,11012.0,6,-1
19700,,,INTARIAN_PEPPER_ROOT,XIRECS,11011.0,7,-1
24100,,,INTARIAN_PEPPER_ROOT,XIRECS,11030.0,5,-1
25800,,,INTARIAN_PEPPER_ROOT,XIRECS,11029.0,3,-1
28200,,,INTARIAN_PEPPER_ROOT,XIRECS,11034.0,6,-1
29100,,,INTARIAN_PEPPER_ROOT,XIRECS,11035.0,6,-1
31600,,,INTARIAN_PEPPER_ROOT,XIRECS,11034.0,3,-1
34900,,,INTARIAN_PEPPER_ROOT,XIRECS,11044.0,6,-1
35000,,,INTARIAN_PEPPER_ROOT,XIRECS,11038.0,8,-1
38500,,,INTARIAN_PEPPER_ROOT,XIRECS,11032.0,4,-1
38700,,,INTARIAN_PEPPER_ROOT,XIRECS,11035.0,5,-1
40000,,,INTARIAN_PEPPER_ROOT,XIRECS,11036.0,5,-1
40300,,,INTARIAN_PEPPER_ROOT,XIRECS,11034.0,4,-1
40400,,,INTARIAN_PEPPER_ROOT,XIRECS,11046.0,3,-1
41900,,,INTARIAN_PEPPER_ROOT,XIRECS,11048.0,5,-1
42700,,,INTARIAN_PEPPER_ROOT,XIRECS,11049.0,6,-1
44800,,,INTARIAN_PEPPER_ROOT,XIRECS,11039.0,4,-1
52900,,,INTARIAN_PEPPER_ROOT,XIRECS,11047.0,5,-1
53100,,,INTARIAN_PEPPER_ROOT,XIRECS,11049.0,4,-1
63900,,,INTARIAN_PEPPER_ROOT,XIRECS,11067.0,7,-1
70500,,,INTARIAN_PEPPER_ROOT,XIRECS,11067.0,3,-1
73900,,,INTARIAN_PEPPER_ROOT,XIRECS,11068.0,7,-1
74000,,,INTARIAN_PEPPER_ROOT,XIRECS,11080.0,5,-1
76800,,,INTARIAN_PEPPER_ROOT,XIRECS,11083.0,6,-1
81000,,,INTARIAN_PEPPER_ROOT,XIRECS,11072.0,5,-1
81700,,,INTARIAN_PEPPER_ROOT,XIRECS,11088.0,6,-1
81900,,,INTARIAN_PEPPER_ROOT,XIRECS,11088.0,5,-1
83100,,,INTARIAN_PEPPER_ROOT,XIRECS,11089.0,7,-1
88700,,,INTARIAN_PEPPER_ROOT,XIRECS,11083.0,3,-1
88800,,,INTARIAN_PEPPER_ROOT,XIRECS,11083.0,3,-1
94600,,,INTARIAN_PEPPER_ROOT,XIRECS,11091.0,7,-1
98400,,,INTARIAN_PEPPER_ROOT,XIRECS,11104.0,3,-1
99400,,,INTARIAN_PEPPER_ROOT,XIRECS,11096.0,8,-1
101000,,,INTARIAN_PEPPER_ROOT,XIRECS,11097.0,4,-1
108800,,,INTARIAN_PEPPER_ROOT,XIRECS,11115.0,5,-1
113600,,,INTARIAN_PEPPER_ROOT,XIRECS,11111.0,4,-1
120600,,,INTARIAN_PEPPER_ROOT,XIRECS,11115.0,6,-1
121900,,,INTARIAN_PEPPER_ROOT,XIRECS,11128.0,4,-1
122600,,,INTARIAN_PEPPER_ROOT,XIRECS,11117.0,7,-1
123400,,,INTARIAN_PEPPER_ROOT,XIRECS,11132.0,5,-1
124900,,,INTARIAN_PEPPER_ROOT,XIRECS,11119.0,6,-1
125400,,,INTARIAN_PEPPER_ROOT,XIRECS,11131.0,7,-1
128000,,,INTARIAN_PEPPER_ROOT,XIRECS,11122.0,7,-1
128700,,,INTARIAN_PEPPER_ROOT,XIRECS,11125.0,3,-1
131500,,,INTARIAN_PEPPER_ROOT,XIRECS,11125.0,3,-1
132200,,,INTARIAN_PEPPER_ROOT,XIRECS,11126.0,7,-1
133100,,,INTARIAN_PEPPER_ROOT,XIRECS,11139.0,6,-1
136100,,,INTARIAN_PEPPER_ROOT,XIRECS,11132.0,6,-1
139300,,,INTARIAN_PEPPER_ROOT,XIRECS,11133.0,4,-1
139400,,,INTARIAN_PEPPER_ROOT,XIRECS,11133.0,7,-1
139600,,,INTARIAN_PEPPER_ROOT,XIRECS,11146.0,6,-1
139800,,,INTARIAN_PEPPER_ROOT,XIRECS,11134.0,7,-1
141200,,,INTARIAN_PEPPER_ROOT,XIRECS,11147.0,6,-1
147000,,,INTARIAN_PEPPER_ROOT,XIRECS,11153.0,7,-1
148700,,,INTARIAN_PEPPER_ROOT,XIRECS,11145.0,6,-1
157200,,,INTARIAN_PEPPER_ROOT,XIRECS,11163.0,4,-1
161800,,,INTARIAN_PEPPER_ROOT,XIRECS,11165.0,6,-1
170300,,,INTARIAN_PEPPER_ROOT,XIRECS,11176.0,7,-1
174000,,,INTARIAN_PEPPER_ROOT,XIRECS,11165.0,7,-1
178800,,,INTARIAN_PEPPER_ROOT,XIRECS,11185.0,4,-1
184800,,,INTARIAN_PEPPER_ROOT,XIRECS,11188.0,7,-1
186800,,,INTARIAN_PEPPER_ROOT,XIRECS,11196.0,7,-1
187000,,,INTARIAN_PEPPER_ROOT,XIRECS,11196.0,3,-1
191300,,,INTARIAN_PEPPER_ROOT,XIRECS,11185.0,7,-1
208300,,,INTARIAN_PEPPER_ROOT,XIRECS,11214.0,7,-1
211700,,,INTARIAN_PEPPER_ROOT,XIRECS,11206.0,4,-1
215300,,,INTARIAN_PEPPER_ROOT,XIRECS,11211.0,5,-1
218900,,,INTARIAN_PEPPER_ROOT,XIRECS,11225.0,3,-1
222800,,,INTARIAN_PEPPER_ROOT,XIRECS,11217.0,4,-1
228300,,,INTARIAN_PEPPER_ROOT,XIRECS,11234.0,3,-1
229500,,,INTARIAN_PEPPER_ROOT,XIRECS,11223.0,4,-1
232900,,,INTARIAN_PEPPER_ROOT,XIRECS,11239.0,4,-1
235100,,,INTARIAN_PEPPER_ROOT,XIRECS,11238.0,6,-1
241200,,,INTARIAN_PEPPER_ROOT,XIRECS,11244.0,6,-1
243200,,,INTARIAN_PEPPER_ROOT,XIRECS,11249.0,5,-1
245300,,,INTARIAN_PEPPER_ROOT,XIRECS,11239.0,6,-1
245500,,,INTARIAN_PEPPER_ROOT,XIRECS,11252.0,6,-1
251900,,,INTARIAN_PEPPER_ROOT,XIRECS,11255.0,8,-1
259200,,,INTARIAN_PEPPER_ROOT,XIRECS,11265.0,7,-1
263800,,,INTARIAN_PEPPER_ROOT,XIRECS,11258.0,6,-1
263900,,,INTARIAN_PEPPER_ROOT,XIRECS,11258.0,6,-1
269600,,,INTARIAN_PEPPER_ROOT,XIRECS,11263.0,7,-1
272700,,,INTARIAN_PEPPER_ROOT,XIRECS,11269.0,6,-1
273300,,,INTARIAN_PEPPER_ROOT,XIRECS,11264.0,5,-1
273700,,,INTARIAN_PEPPER_ROOT,XIRECS,11268.0,3,-1
275900,,,INTARIAN_PEPPER_ROOT,XIRECS,11270.0,7,-1
276000,,,INTARIAN_PEPPER_ROOT,XIRECS,11272.0,6,-1
282100,,,INTARIAN_PEPPER_ROOT,XIRECS,11285.0,4,-1
283800,,,INTARIAN_PEPPER_ROOT,XIRECS,11287.0,6,-1
287400,,,INTARIAN_PEPPER_ROOT,XIRECS,11290.0,5,-1
289600,,,INTARIAN_PEPPER_ROOT,XIRECS,11296.0,7,-1
298800,,,INTARIAN_PEPPER_ROOT,XIRECS,11302.0,7,-1
301200,,,INTARIAN_PEPPER_ROOT,XIRECS,11297.0,8,-1
302500,,,INTARIAN_PEPPER_ROOT,XIRECS,11299.0,8,-1
303200,,,INTARIAN_PEPPER_ROOT,XIRECS,11297.0,7,-1
309100,,,INTARIAN_PEPPER_ROOT,XIRECS,11300.0,5,-1
309700,,,INTARIAN_PEPPER_ROOT,XIRECS,11316.0,6,-1
316600,,,INTARIAN_PEPPER_ROOT,XIRECS,11310.0,4,-1
320500,,,INTARIAN_PEPPER_ROOT,XIRECS,11317.0,3,-1
324600,,,INTARIAN_PEPPER_ROOT,XIRECS,11318.0,4,-1
325100,,,INTARIAN_PEPPER_ROOT,XIRECS,11319.0,5,-1
329700,,,INTARIAN_PEPPER_ROOT,XIRECS,11326.0,4,-1
337700,,,INTARIAN_PEPPER_ROOT,XIRECS,11344.0,4,-1
350500,,,INTARIAN_PEPPER_ROOT,XIRECS,11347.0,5,-1
350900,,,INTARIAN_PEPPER_ROOT,XIRECS,11345.0,4,-1
351600,,,INTARIAN_PEPPER_ROOT,XIRECS,11361.0,4,-1
359500,,,INTARIAN_PEPPER_ROOT,XIRECS,11366.0,3,-1
363600,,,INTARIAN_PEPPER_ROOT,XIRECS,11357.0,7,-1
363800,,,INTARIAN_PEPPER_ROOT,XIRECS,11358.0,7,-1
367800,,,INTARIAN_PEPPER_ROOT,XIRECS,11371.0,5,-1
369200,,,INTARIAN_PEPPER_ROOT,XIRECS,11363.0,3,-1
371200,,,INTARIAN_PEPPER_ROOT,XIRECS,11365.0,7,-1
371400,,,INTARIAN_PEPPER_ROOT,XIRECS,11365.0,7,-1
378200,,,INTARIAN_PEPPER_ROOT,XIRECS,11387.0,3,-1
384200,,,INTARIAN_PEPPER_ROOT,XIRECS,11390.0,6,-1
388700,,,INTARIAN_PEPPER_ROOT,XIRECS,11395.0,5,-1
393200,,,INTARIAN_PEPPER_ROOT,XIRECS,11389.0,6,-1
398800,,,INTARIAN_PEPPER_ROOT,XIRECS,11395.0,5,-1
399000,,,INTARIAN_PEPPER_ROOT,XIRECS,11395.0,7,-1
400000,,,INTARIAN_PEPPER_ROOT,XIRECS,11394.0,7,-1
405100,,,INTARIAN_PEPPER_ROOT,XIRECS,11411.0,5,-1
406700,,,INTARIAN_PEPPER_ROOT,XIRECS,11413.0,7,-1
407300,,,INTARIAN_PEPPER_ROOT,XIRECS,11410.0,6,-1
409300,,,INTARIAN_PEPPER_ROOT,XIRECS,11405.0,5,-1
412600,,,INTARIAN_PEPPER_ROOT,XIRECS,11406.0,7,-1
413500,,,INTARIAN_PEPPER_ROOT,XIRECS,11420.0,3,-1
415700,,,INTARIAN_PEPPER_ROOT,XIRECS,11409.0,7,-1
417900,,,INTARIAN_PEPPER_ROOT,XIRECS,11412.0,6,-1
420600,,,INTARIAN_PEPPER_ROOT,XIRECS,11414.0,7,-1
421100,,,INTARIAN_PEPPER_ROOT,XIRECS,11415.0,3,-1
423200,,,INTARIAN_PEPPER_ROOT,XIRECS,11417.0,6,-1
424800,,,INTARIAN_PEPPER_ROOT,XIRECS,11421.0,6,-1
429600,,,INTARIAN_PEPPER_ROOT,XIRECS,11426.0,3,-1
431600,,,INTARIAN_PEPPER_ROOT,XIRECS,11425.0,7,-1
432100,,,INTARIAN_PEPPER_ROOT,XIRECS,11435.0,6,-1
432300,,,INTARIAN_PEPPER_ROOT,XIRECS,11426.0,7,-1
435500,,,INTARIAN_PEPPER_ROOT,XIRECS,11438.0,5,-1
436500,,,INTARIAN_PEPPER_ROOT,XIRECS,11430.0,3,-1
453500,,,INTARIAN_PEPPER_ROOT,XIRECS,11450.0,7,-1
455400,,,INTARIAN_PEPPER_ROOT,XIRECS,11464.0,5,-1
457500,,,INTARIAN_PEPPER_ROOT,XIRECS,11464.0,5,-1
457600,,,INTARIAN_PEPPER_ROOT,XIRECS,11464.0,4,-1
460000,,,INTARIAN_PEPPER_ROOT,XIRECS,11454.0,6,-1
460700,,,INTARIAN_PEPPER_ROOT,XIRECS,11464.0,7,-1
464100,,,INTARIAN_PEPPER_ROOT,XIRECS,11458.0,6,-1
465200,,,INTARIAN_PEPPER_ROOT,XIRECS,11468.0,5,-1
469000,,,INTARIAN_PEPPER_ROOT,XIRECS,11475.0,7,-1
470900,,,INTARIAN_PEPPER_ROOT,XIRECS,11465.0,7,-1
479500,,,INTARIAN_PEPPER_ROOT,XIRECS,11473.0,3,-1
484200,,,INTARIAN_PEPPER_ROOT,XIRECS,11478.0,6,-1
487200,,,INTARIAN_PEPPER_ROOT,XIRECS,11493.0,6,-1
488700,,,INTARIAN_PEPPER_ROOT,XIRECS,11495.0,3,-1
488800,,,INTARIAN_PEPPER_ROOT,XIRECS,11483.0,5,-1
494600,,,INTARIAN_PEPPER_ROOT,XIRECS,11485.0,5,-1
494900,,,INTARIAN_PEPPER_ROOT,XIRECS,11501.0,3,-1
497200,,,INTARIAN_PEPPER_ROOT,XIRECS,11488.0,4,-1
497800,,,INTARIAN_PEPPER_ROOT,XIRECS,11504.0,5,-1
498800,,,INTARIAN_PEPPER_ROOT,XIRECS,11502.0,3,-1
500300,,,INTARIAN_PEPPER_ROOT,XIRECS,11507.0,6,-1
503800,,,INTARIAN_PEPPER_ROOT,XIRECS,11510.0,4,-1
504900,,,INTARIAN_PEPPER_ROOT,XIRECS,11499.0,4,-1
507700,,,INTARIAN_PEPPER_ROOT,XIRECS,11501.0,6,-1
508700,,,INTARIAN_PEPPER_ROOT,XIRECS,11515.0,5,-1
508800,,,INTARIAN_PEPPER_ROOT,XIRECS,11515.0,5,-1
509600,,,INTARIAN_PEPPER_ROOT,XIRECS,11503.0,4,-1
512100,,,INTARIAN_PEPPER_ROOT,XIRECS,11515.0,6,-1
513000,,,INTARIAN_PEPPER_ROOT,XIRECS,11509.0,7,-1
514300,,,INTARIAN_PEPPER_ROOT,XIRECS,11517.0,6,-1
516700,,,INTARIAN_PEPPER_ROOT,XIRECS,11523.0,6,-1
517700,,,INTARIAN_PEPPER_ROOT,XIRECS,11511.0,7,-1
519200,,,INTARIAN_PEPPER_ROOT,XIRECS,11513.0,6,-1
523400,,,INTARIAN_PEPPER_ROOT,XIRECS,11517.0,6,-1
524600,,,INTARIAN_PEPPER_ROOT,XIRECS,11521.0,3,-1
524700,,,INTARIAN_PEPPER_ROOT,XIRECS,11528.0,7,-1
525500,,,INTARIAN_PEPPER_ROOT,XIRECS,11516.0,6,-1
529400,,,INTARIAN_PEPPER_ROOT,XIRECS,11536.0,3,-1
534000,,,INTARIAN_PEPPER_ROOT,XIRECS,11537.0,4,-1
534100,,,INTARIAN_PEPPER_ROOT,XIRECS,11537.0,4,-1
537800,,,INTARIAN_PEPPER_ROOT,XIRECS,11541.0,7,-1
543100,,,INTARIAN_PEPPER_ROOT,XIRECS,11549.0,5,-1
544200,,,INTARIAN_PEPPER_ROOT,XIRECS,11535.0,3,-1
547500,,,INTARIAN_PEPPER_ROOT,XIRECS,11541.0,6,-1
547800,,,INTARIAN_PEPPER_ROOT,XIRECS,11557.0,5,-1
552200,,,INTARIAN_PEPPER_ROOT,XIRECS,11548.0,3,-1
553200,,,INTARIAN_PEPPER_ROOT,XIRECS,11547.0,5,-1
555400,,,INTARIAN_PEPPER_ROOT,XIRECS,11558.0,4,-1
564100,,,INTARIAN_PEPPER_ROOT,XIRECS,11558.0,7,-1
574600,,,INTARIAN_PEPPER_ROOT,XIRECS,11578.0,8,-1
574700,,,INTARIAN_PEPPER_ROOT,XIRECS,11581.0,6,-1
576500,,,INTARIAN_PEPPER_ROOT,XIRECS,11570.0,5,-1
586900,,,INTARIAN_PEPPER_ROOT,XIRECS,11590.0,7,-1
590700,,,INTARIAN_PEPPER_ROOT,XIRECS,11594.0,8,-1
591600,,,INTARIAN_PEPPER_ROOT,XIRECS,11588.0,7,-1
593200,,,INTARIAN_PEPPER_ROOT,XIRECS,11589.0,4,-1
597100,,,INTARIAN_PEPPER_ROOT,XIRECS,11603.0,6,-1
599600,,,INTARIAN_PEPPER_ROOT,XIRECS,11606.0,4,-1
602300,,,INTARIAN_PEPPER_ROOT,XIRECS,11596.0,3,-1
605800,,,INTARIAN_PEPPER_ROOT,XIRECS,11597.0,5,-1
607000,,,INTARIAN_PEPPER_ROOT,XIRECS,11603.0,4,-1
611100,,,INTARIAN_PEPPER_ROOT,XIRECS,11617.0,5,-1
617800,,,INTARIAN_PEPPER_ROOT,XIRECS,11611.0,6,-1
620100,,,INTARIAN_PEPPER_ROOT,XIRECS,11614.0,6,-1
622100,,,INTARIAN_PEPPER_ROOT,XIRECS,11616.0,7,-1
623600,,,INTARIAN_PEPPER_ROOT,XIRECS,11617.0,3,-1
627500,,,INTARIAN_PEPPER_ROOT,XIRECS,11634.0,4,-1
628200,,,INTARIAN_PEPPER_ROOT,XIRECS,11622.0,5,-1
630300,,,INTARIAN_PEPPER_ROOT,XIRECS,11637.0,4,-1
631800,,,INTARIAN_PEPPER_ROOT,XIRECS,11625.0,7,-1
636700,,,INTARIAN_PEPPER_ROOT,XIRECS,11643.0,5,-1
639300,,,INTARIAN_PEPPER_ROOT,XIRECS,11642.0,6,-1
640900,,,INTARIAN_PEPPER_ROOT,XIRECS,11644.0,5,-1
641400,,,INTARIAN_PEPPER_ROOT,XIRECS,11648.0,3,-1
651200,,,INTARIAN_PEPPER_ROOT,XIRECS,11645.0,7,-1
652400,,,INTARIAN_PEPPER_ROOT,XIRECS,11659.0,5,-1
655200,,,INTARIAN_PEPPER_ROOT,XIRECS,11649.0,5,-1
657600,,,INTARIAN_PEPPER_ROOT,XIRECS,11651.0,5,-1
659100,,,INTARIAN_PEPPER_ROOT,XIRECS,11655.0,5,-1
663600,,,INTARIAN_PEPPER_ROOT,XIRECS,11657.0,4,-1
665000,,,INTARIAN_PEPPER_ROOT,XIRECS,11671.0,7,-1
666000,,,INTARIAN_PEPPER_ROOT,XIRECS,11672.0,4,-1
668200,,,INTARIAN_PEPPER_ROOT,XIRECS,11662.0,6,-1
671000,,,INTARIAN_PEPPER_ROOT,XIRECS,11674.0,6,-1
671600,,,INTARIAN_PEPPER_ROOT,XIRECS,11668.0,3,-1
679900,,,INTARIAN_PEPPER_ROOT,XIRECS,11689.0,4,-1
685900,,,INTARIAN_PEPPER_ROOT,XIRECS,11680.0,5,-1
686100,,,INTARIAN_PEPPER_ROOT,XIRECS,11682.0,3,-1
689500,,,INTARIAN_PEPPER_ROOT,XIRECS,11683.0,6,-1
689700,,,INTARIAN_PEPPER_ROOT,XIRECS,11686.0,4,-1
690800,,,INTARIAN_PEPPER_ROOT,XIRECS,11697.0,7,-1
695800,,,INTARIAN_PEPPER_ROOT,XIRECS,11689.0,4,-1
696400,,,INTARIAN_PEPPER_ROOT,XIRECS,11690.0,5,-1
700000,,,INTARIAN_PEPPER_ROOT,XIRECS,11709.0,5,-1
704100,,,INTARIAN_PEPPER_ROOT,XIRECS,11700.0,8,-1
706500,,,INTARIAN_PEPPER_ROOT,XIRECS,11710.0,6,-1
707200,,,INTARIAN_PEPPER_ROOT,XIRECS,11701.0,6,-1
709600,,,INTARIAN_PEPPER_ROOT,XIRECS,11706.0,5,-1
709800,,,INTARIAN_PEPPER_ROOT,XIRECS,11706.0,6,-1
716700,,,INTARIAN_PEPPER_ROOT,XIRECS,11723.0,5,-1
719200,,,INTARIAN_PEPPER_ROOT,XIRECS,11713.0,3,-1
721400,,,INTARIAN_PEPPER_ROOT,XIRECS,11715.0,3,-1
727600,,,INTARIAN_PEPPER_ROOT,XIRECS,11724.0,3,-1
728300,,,INTARIAN_PEPPER_ROOT,XIRECS,11731.0,6,-1
730200,,,INTARIAN_PEPPER_ROOT,XIRECS,11721.0,7,-1
732700,,,INTARIAN_PEPPER_ROOT,XIRECS,11726.0,6,-1
734100,,,INTARIAN_PEPPER_ROOT,XIRECS,11728.0,3,-1
736500,,,INTARIAN_PEPPER_ROOT,XIRECS,11730.0,4,-1
747600,,,INTARIAN_PEPPER_ROOT,XIRECS,11741.0,4,-1
748900,,,INTARIAN_PEPPER_ROOT,XIRECS,11755.0,3,-1
750300,,,INTARIAN_PEPPER_ROOT,XIRECS,11757.0,6,-1
754300,,,INTARIAN_PEPPER_ROOT,XIRECS,11748.0,3,-1
757000,,,INTARIAN_PEPPER_ROOT,XIRECS,11751.0,4,-1
757600,,,INTARIAN_PEPPER_ROOT,XIRECS,11767.0,3,-1
758400,,,INTARIAN_PEPPER_ROOT,XIRECS,11765.0,3,-1
760500,,,INTARIAN_PEPPER_ROOT,XIRECS,11767.0,3,-1
760600,,,INTARIAN_PEPPER_ROOT,XIRECS,11757.0,3,-1
763700,,,INTARIAN_PEPPER_ROOT,XIRECS,11770.0,3,-1
770100,,,INTARIAN_PEPPER_ROOT,XIRECS,11764.0,6,-1
772500,,,INTARIAN_PEPPER_ROOT,XIRECS,11766.0,5,-1
772900,,,INTARIAN_PEPPER_ROOT,XIRECS,11767.0,4,-1
775000,,,INTARIAN_PEPPER_ROOT,XIRECS,11766.0,3,-1
775200,,,INTARIAN_PEPPER_ROOT,XIRECS,11769.0,7,-1
778000,,,INTARIAN_PEPPER_ROOT,XIRECS,11780.0,6,-1
778200,,,INTARIAN_PEPPER_ROOT,XIRECS,11772.0,6,-1
780700,,,INTARIAN_PEPPER_ROOT,XIRECS,11777.0,7,-1
783500,,,INTARIAN_PEPPER_ROOT,XIRECS,11790.0,6,-1
785700,,,INTARIAN_PEPPER_ROOT,XIRECS,11782.0,6,-1
791000,,,INTARIAN_PEPPER_ROOT,XIRECS,11787.0,8,-1
791600,,,INTARIAN_PEPPER_ROOT,XIRECS,11785.0,4,-1
795600,,,INTARIAN_PEPPER_ROOT,XIRECS,11802.0,5,-1
795700,,,INTARIAN_PEPPER_ROOT,XIRECS,11799.0,7,-1
805800,,,INTARIAN_PEPPER_ROOT,XIRECS,11799.0,5,-1
807000,,,INTARIAN_PEPPER_ROOT,XIRECS,11801.0,4,-1
807700,,,INTARIAN_PEPPER_ROOT,XIRECS,11801.0,7,-1
816800,,,INTARIAN_PEPPER_ROOT,XIRECS,11823.0,7,-1
818000,,,INTARIAN_PEPPER_ROOT,XIRECS,11812.0,6,-1
820500,,,INTARIAN_PEPPER_ROOT,XIRECS,11811.0,7,-1
823900,,,INTARIAN_PEPPER_ROOT,XIRECS,11817.0,6,-1
829300,,,INTARIAN_PEPPER_ROOT,XIRECS,11832.0,6,-1
830900,,,INTARIAN_PEPPER_ROOT,XIRECS,11827.0,7,-1
832800,,,INTARIAN_PEPPER_ROOT,XIRECS,11826.0,7,-1
834800,,,INTARIAN_PEPPER_ROOT,XIRECS,11828.0,5,-1
839400,,,INTARIAN_PEPPER_ROOT,XIRECS,11849.0,3,-1
846300,,,INTARIAN_PEPPER_ROOT,XIRECS,11840.0,3,-1
846600,,,INTARIAN_PEPPER_ROOT,XIRECS,11840.0,5,-1
847400,,,INTARIAN_PEPPER_ROOT,XIRECS,11843.0,7,-1
851900,,,INTARIAN_PEPPER_ROOT,XIRECS,11848.0,4,-1
856800,,,INTARIAN_PEPPER_ROOT,XIRECS,11853.0,8,-1
859800,,,INTARIAN_PEPPER_ROOT,XIRECS,11863.0,4,-1
862300,,,INTARIAN_PEPPER_ROOT,XIRECS,11869.0,5,-1
865100,,,INTARIAN_PEPPER_ROOT,XIRECS,11859.0,5,-1
865600,,,INTARIAN_PEPPER_ROOT,XIRECS,11869.0,8,-1
866000,,,INTARIAN_PEPPER_ROOT,XIRECS,11860.0,6,-1
869500,,,INTARIAN_PEPPER_ROOT,XIRECS,11876.0,7,-1
870000,,,INTARIAN_PEPPER_ROOT,XIRECS,11876.0,6,-1
870300,,,INTARIAN_PEPPER_ROOT,XIRECS,11864.0,6,-1
870700,,,INTARIAN_PEPPER_ROOT,XIRECS,11877.0,6,-1
881400,,,INTARIAN_PEPPER_ROOT,XIRECS,11875.0,6,-1
881500,,,INTARIAN_PEPPER_ROOT,XIRECS,11888.0,4,-1
886200,,,INTARIAN_PEPPER_ROOT,XIRECS,11893.0,7,-1
893300,,,INTARIAN_PEPPER_ROOT,XIRECS,11896.0,5,-1
896500,,,INTARIAN_PEPPER_ROOT,XIRECS,11900.0,3,-1
897900,,,INTARIAN_PEPPER_ROOT,XIRECS,11901.0,5,-1
901200,,,INTARIAN_PEPPER_ROOT,XIRECS,11904.0,4,-1
905100,,,INTARIAN_PEPPER_ROOT,XIRECS,11912.0,6,-1
912400,,,INTARIAN_PEPPER_ROOT,XIRECS,11906.0,7,-1
913600,,,INTARIAN_PEPPER_ROOT,XIRECS,11910.0,6,-1
918300,,,INTARIAN_PEPPER_ROOT,XIRECS,11921.0,3,-1
918900,,,INTARIAN_PEPPER_ROOT,XIRECS,11925.0,3,-1
928500,,,INTARIAN_PEPPER_ROOT,XIRECS,11935.0,3,-1
933200,,,INTARIAN_PEPPER_ROOT,XIRECS,11924.0,3,-1
938200,,,INTARIAN_PEPPER_ROOT,XIRECS,11934.0,3,-1
941600,,,INTARIAN_PEPPER_ROOT,XIRECS,11935.0,5,-1
944100,,,INTARIAN_PEPPER_ROOT,XIRECS,11951.0,3,-1
944400,,,INTARIAN_PEPPER_ROOT,XIRECS,11954.0,7,-1
945800,,,INTARIAN_PEPPER_ROOT,XIRECS,11949.0,3,-1
947600,,,INTARIAN_PEPPER_ROOT,XIRECS,11941.0,7,-1
949400,,,INTARIAN_PEPPER_ROOT,XIRECS,11945.0,6,-1
951800,,,INTARIAN_PEPPER_ROOT,XIRECS,11961.0,6,-1
952100,,,INTARIAN_PEPPER_ROOT,XIRECS,11946.0,4,-1
958000,,,INTARIAN_PEPPER_ROOT,XIRECS,11964.0,3,-1
963100,,,INTARIAN_PEPPER_ROOT,XIRECS,11966.0,5,-1
965400,,,INTARIAN_PEPPER_ROOT,XIRECS,11959.0,5,-1
968200,,,INTARIAN_PEPPER_ROOT,XIRECS,11962.0,7,-1
974400,,,INTARIAN_PEPPER_ROOT,XIRECS,11977.0,5,-1
976100,,,INTARIAN_PEPPER_ROOT,XIRECS,11970.0,3,-1
976700,,,INTARIAN_PEPPER_ROOT,XIRECS,11970.0,6,-1
984400,,,INTARIAN_PEPPER_ROOT,XIRECS,11991.0,3,-1
985200,,,INTARIAN_PEPPER_ROOT,XIRECS,11992.0,5,-1
991300,,,INTARIAN_PEPPER_ROOT,XIRECS,11985.0,7,-1
991500,,,INTARIAN_PEPPER_ROOT,XIRECS,12001.0,6,-1
995200,,,INTARIAN_PEPPER_ROOT,XIRECS,11989.0,4,-1
998300,,,INTARIAN_PEPPER_ROOT,XIRECS,12005.0,6,-1
6300,,,ASH_COATED_OSMIUM,XIRECS,10009.0,5,0
7000,,,ASH_COATED_OSMIUM,XIRECS,10008.0,4,0
7100,,,ASH_COATED_OSMIUM,XIRECS,10008.0,3,0
8600,,,ASH_COATED_OSMIUM,XIRECS,10008.0,5,0
9300,,,ASH_COATED_OSMIUM,XIRECS,9992.0,7,0
9700,,,ASH_COATED_OSMIUM,XIRECS,10009.0,5,0
12500,,,ASH_COATED_OSMIUM,XIRECS,10013.0,10,0
12600,,,ASH_COATED_OSMIUM,XIRECS,10011.0,9,0
17700,,,ASH_COATED_OSMIUM,XIRECS,10009.0,5,0
21200,,,ASH_COATED_OSMIUM,XIRECS,10008.0,10,0
22000,,,ASH_COATED_OSMIUM,XIRECS,9993.0,5,0
22700,,,ASH_COATED_OSMIUM,XIRECS,9994.0,9,0
23200,,,ASH_COATED_OSMIUM,XIRECS,9993.0,6,0
23600,,,ASH_COATED_OSMIUM,XIRECS,9990.0,6,0
24600,,,ASH_COATED_OSMIUM,XIRECS,10008.0,5,0
30100,,,ASH_COATED_OSMIUM,XIRECS,10009.0,5,0
31500,,,ASH_COATED_OSMIUM,XIRECS,9993.0,10,0
33800,,,ASH_COATED_OSMIUM,XIRECS,10010.0,4,0
35100,,,ASH_COATED_OSMIUM,XIRECS,9993.0,7,0
37300,,,ASH_COATED_OSMIUM,XIRECS,10008.0,7,0
40500,,,ASH_COATED_OSMIUM,XIRECS,10009.0,8,0
41100,,,ASH_COATED_OSMIUM,XIRECS,9993.0,6,0
41900,,,ASH_COATED_OSMIUM,XIRECS,9993.0,6,0
46300,,,ASH_COATED_OSMIUM,XIRECS,9992.0,4,0
52500,,,ASH_COATED_OSMIUM,XIRECS,10006.0,5,0
56500,,,ASH_COATED_OSMIUM,XIRECS,9985.0,2,0
58200,,,ASH_COATED_OSMIUM,XIRECS,10003.0,6,0
59500,,,ASH_COATED_OSMIUM,XIRECS,10002.0,5,0
60800,,,ASH_COATED_OSMIUM,XIRECS,10003.0,8,0
61800,,,ASH_COATED_OSMIUM,XIRECS,10005.0,5,0
62200,,,ASH_COATED_OSMIUM,XIRECS,9999.0,3,0
62300,,,ASH_COATED_OSMIUM,XIRECS,10005.0,2,0
62800,,,ASH_COATED_OSMIUM,XIRECS,10005.0,9,0
68000,,,ASH_COATED_OSMIUM,XIRECS,10005.0,5,0
71300,,,ASH_COATED_OSMIUM,XIRECS,9989.0,10,0
78300,,,ASH_COATED_OSMIUM,XIRECS,9994.0,2,0
79400,,,ASH_COATED_OSMIUM,XIRECS,10013.0,4,0
79600,,,ASH_COATED_OSMIUM,XIRECS,10010.0,5,0
81400,,,ASH_COATED_OSMIUM,XIRECS,10008.0,2,0
86800,,,ASH_COATED_OSMIUM,XIRECS,9991.0,10,0
89000,,,ASH_COATED_OSMIUM,XIRECS,10012.0,4,0
97500,,,ASH_COATED_OSMIUM,XIRECS,9990.0,6,0
97600,,,ASH_COATED_OSMIUM,XIRECS,10008.0,6,0
106900,,,ASH_COATED_OSMIUM,XIRECS,10010.0,7,0
111300,,,ASH_COATED_OSMIUM,XIRECS,9995.0,3,0
112200,,,ASH_COATED_OSMIUM,XIRECS,10010.0,2,0
116600,,,ASH_COATED_OSMIUM,XIRECS,9996.0,8,0
120700,,,ASH_COATED_OSMIUM,XIRECS,9996.0,5,0
120800,,,ASH_COATED_OSMIUM,XIRECS,10002.0,5,0
128900,,,ASH_COATED_OSMIUM,XIRECS,9999.0,3,0
132300,,,ASH_COATED_OSMIUM,XIRECS,10008.0,4,0
134100,,,ASH_COATED_OSMIUM,XIRECS,9991.0,2,0
137400,,,ASH_COATED_OSMIUM,XIRECS,9993.0,7,0
139000,,,ASH_COATED_OSMIUM,XIRECS,9994.0,7,0
139100,,,ASH_COATED_OSMIUM,XIRECS,10010.0,2,0
151400,,,ASH_COATED_OSMIUM,XIRECS,9991.0,6,0
153700,,,ASH_COATED_OSMIUM,XIRECS,9996.0,5,0
153800,,,ASH_COATED_OSMIUM,XIRECS,9996.0,5,0
157600,,,ASH_COATED_OSMIUM,XIRECS,9999.0,5,0
166700,,,ASH_COATED_OSMIUM,XIRECS,10016.0,6,0
167900,,,ASH_COATED_OSMIUM,XIRECS,10014.0,4,0
168000,,,ASH_COATED_OSMIUM,XIRECS,9998.0,8,0
168600,,,ASH_COATED_OSMIUM,XIRECS,9995.0,6,0
169500,,,ASH_COATED_OSMIUM,XIRECS,10013.0,5,0
171200,,,ASH_COATED_OSMIUM,XIRECS,9998.0,3,0
172200,,,ASH_COATED_OSMIUM,XIRECS,9995.0,2,0
180500,,,ASH_COATED_OSMIUM,XIRECS,10001.0,2,0
180600,,,ASH_COATED_OSMIUM,XIRECS,10001.0,5,0
186800,,,ASH_COATED_OSMIUM,XIRECS,10015.0,5,0
187700,,,ASH_COATED_OSMIUM,XIRECS,9999.0,2,0
191200,,,ASH_COATED_OSMIUM,XIRECS,10013.0,10,0
192800,,,ASH_COATED_OSMIUM,XIRECS,10013.0,3,0
193800,,,ASH_COATED_OSMIUM,XIRECS,9997.0,3,0
194400,,,ASH_COATED_OSMIUM,XIRECS,9997.0,4,0
198500,,,ASH_COATED_OSMIUM,XIRECS,10014.0,2,0
202000,,,ASH_COATED_OSMIUM,XIRECS,9996.0,2,0
204900,,,ASH_COATED_OSMIUM,XIRECS,10010.0,9,0
205800,,,ASH_COATED_OSMIUM,XIRECS,9999.0,5,0
207200,,,ASH_COATED_OSMIUM,XIRECS,10008.0,2,0
209800,,,ASH_COATED_OSMIUM,XIRECS,9989.0,9,0
210100,,,ASH_COATED_OSMIUM,XIRECS,10006.0,3,0
211000,,,ASH_COATED_OSMIUM,XIRECS,9990.0,8,0
212000,,,ASH_COATED_OSMIUM,XIRECS,9990.0,7,0
213500,,,ASH_COATED_OSMIUM,XIRECS,10005.0,5,0
214400,,,ASH_COATED_OSMIUM,XIRECS,9988.0,8,0
214600,,,ASH_COATED_OSMIUM,XIRECS,10007.0,6,0
219100,,,ASH_COATED_OSMIUM,XIRECS,9993.0,5,0
221300,,,ASH_COATED_OSMIUM,XIRECS,10009.0,10,0
224700,,,ASH_COATED_OSMIUM,XIRECS,9992.0,7,0
226400,,,ASH_COATED_OSMIUM,XIRECS,9991.0,5,0
230100,,,ASH_COATED_OSMIUM,XIRECS,10007.0,4,0
230600,,,ASH_COATED_OSMIUM,XIRECS,10008.0,7,0
233600,,,ASH_COATED_OSMIUM,XIRECS,9990.0,7,0
234200,,,ASH_COATED_OSMIUM,XIRECS,9989.0,6,0
235100,,,ASH_COATED_OSMIUM,XIRECS,10005.0,6,0
235800,,,ASH_COATED_OSMIUM,XIRECS,10004.0,5,0
238200,,,ASH_COATED_OSMIUM,XIRECS,9986.0,8,0
246200,,,ASH_COATED_OSMIUM,XIRECS,9986.0,3,0
249400,,,ASH_COATED_OSMIUM,XIRECS,9985.0,6,0
251000,,,ASH_COATED_OSMIUM,XIRECS,9985.0,4,0
251900,,,ASH_COATED_OSMIUM,XIRECS,10002.0,3,0
253600,,,ASH_COATED_OSMIUM,XIRECS,9985.0,3,0
255700,,,ASH_COATED_OSMIUM,XIRECS,10002.0,4,0
256000,,,ASH_COATED_OSMIUM,XIRECS,10003.0,5,0
257900,,,ASH_COATED_OSMIUM,XIRECS,10003.0,7,0
258200,,,ASH_COATED_OSMIUM,XIRECS,10003.0,3,0
258500,,,ASH_COATED_OSMIUM,XIRECS,9988.0,9,0
262400,,,ASH_COATED_OSMIUM,XIRECS,10007.0,10,0
266300,,,ASH_COATED_OSMIUM,XIRECS,10010.0,3,0
267000,,,ASH_COATED_OSMIUM,XIRECS,10009.0,5,0
268400,,,ASH_COATED_OSMIUM,XIRECS,9993.0,7,0
272000,,,ASH_COATED_OSMIUM,XIRECS,10014.0,3,0
273000,,,ASH_COATED_OSMIUM,XIRECS,9996.0,6,0
274000,,,ASH_COATED_OSMIUM,XIRECS,10011.0,3,0
276900,,,ASH_COATED_OSMIUM,XIRECS,10010.0,5,0
280600,,,ASH_COATED_OSMIUM,XIRECS,9994.0,6,0
282800,,,ASH_COATED_OSMIUM,XIRECS,9992.0,8,0
285700,,,ASH_COATED_OSMIUM,XIRECS,9997.0,10,0
287000,,,ASH_COATED_OSMIUM,XIRECS,10006.0,2,0
292000,,,ASH_COATED_OSMIUM,XIRECS,9991.0,7,0
293700,,,ASH_COATED_OSMIUM,XIRECS,10010.0,4,0
295400,,,ASH_COATED_OSMIUM,XIRECS,10008.0,10,0
298500,,,ASH_COATED_OSMIUM,XIRECS,10015.0,6,0
299900,,,ASH_COATED_OSMIUM,XIRECS,9996.0,4,0
302600,,,ASH_COATED_OSMIUM,XIRECS,10012.0,2,0
303200,,,ASH_COATED_OSMIUM,XIRECS,10010.0,8,0
305000,,,ASH_COATED_OSMIUM,XIRECS,9999.0,5,0
311500,,,ASH_COATED_OSMIUM,XIRECS,9993.0,10,0
313100,,,ASH_COATED_OSMIUM,XIRECS,10011.0,5,0
315300,,,ASH_COATED_OSMIUM,XIRECS,9995.0,5,0
318600,,,ASH_COATED_OSMIUM,XIRECS,9993.0,5,0
320400,,,ASH_COATED_OSMIUM,XIRECS,10015.0,7,0
321800,,,ASH_COATED_OSMIUM,XIRECS,9995.0,10,0
323700,,,ASH_COATED_OSMIUM,XIRECS,9995.0,6,0
325600,,,ASH_COATED_OSMIUM,XIRECS,9993.0,6,0
332900,,,ASH_COATED_OSMIUM,XIRECS,9995.0,5,0
335800,,,ASH_COATED_OSMIUM,XIRECS,9994.0,10,0
337100,,,ASH_COATED_OSMIUM,XIRECS,10012.0,8,0
340500,,,ASH_COATED_OSMIUM,XIRECS,10009.0,4,0
342900,,,ASH_COATED_OSMIUM,XIRECS,9995.0,9,0
350000,,,ASH_COATED_OSMIUM,XIRECS,10009.0,3,0
351800,,,ASH_COATED_OSMIUM,XIRECS,10010.0,5,0
352200,,,ASH_COATED_OSMIUM,XIRECS,9995.0,4,0
354400,,,ASH_COATED_OSMIUM,XIRECS,10010.0,3,0
360900,,,ASH_COATED_OSMIUM,XIRECS,10010.0,5,0
366200,,,ASH_COATED_OSMIUM,XIRECS,10012.0,5,0
366200,,,ASH_COATED_OSMIUM,XIRECS,10012.0,7,0
368900,,,ASH_COATED_OSMIUM,XIRECS,9999.0,5,0
376000,,,ASH_COATED_OSMIUM,XIRECS,10011.0,2,0
379500,,,ASH_COATED_OSMIUM,XIRECS,9993.0,9,0
379800,,,ASH_COATED_OSMIUM,XIRECS,9995.0,8,0
380200,,,ASH_COATED_OSMIUM,XIRECS,9994.0,5,0
380400,,,ASH_COATED_OSMIUM,XIRECS,9994.0,6,0
383300,,,ASH_COATED_OSMIUM,XIRECS,10009.0,8,0
384100,,,ASH_COATED_OSMIUM,XIRECS,9993.0,3,0
384800,,,ASH_COATED_OSMIUM,XIRECS,9993.0,7,0
388200,,,ASH_COATED_OSMIUM,XIRECS,10011.0,10,0
388500,,,ASH_COATED_OSMIUM,XIRECS,10011.0,7,0
389500,,,ASH_COATED_OSMIUM,XIRECS,9992.0,2,0
392200,,,ASH_COATED_OSMIUM,XIRECS,9992.0,4,0
398600,,,ASH_COATED_OSMIUM,XIRECS,10012.0,9,0
399300,,,ASH_COATED_OSMIUM,XIRECS,10011.0,5,0
401200,,,ASH_COATED_OSMIUM,XIRECS,10012.0,5,0
405700,,,ASH_COATED_OSMIUM,XIRECS,9993.0,6,0
407200,,,ASH_COATED_OSMIUM,XIRECS,10011.0,4,0
408200,,,ASH_COATED_OSMIUM,XIRECS,9992.0,6,0
409000,,,ASH_COATED_OSMIUM,XIRECS,9994.0,2,0
410100,,,ASH_COATED_OSMIUM,XIRECS,10010.0,3,0
410200,,,ASH_COATED_OSMIUM,XIRECS,10013.0,5,0
412500,,,ASH_COATED_OSMIUM,XIRECS,9992.0,7,0
413900,,,ASH_COATED_OSMIUM,XIRECS,10012.0,5,0
416000,,,ASH_COATED_OSMIUM,XIRECS,9999.0,2,0
422200,,,ASH_COATED_OSMIUM,XIRECS,10009.0,6,0
423200,,,ASH_COATED_OSMIUM,XIRECS,9993.0,6,0
424000,,,ASH_COATED_OSMIUM,XIRECS,10007.0,8,0
425300,,,ASH_COATED_OSMIUM,XIRECS,10008.0,4,0
425600,,,ASH_COATED_OSMIUM,XIRECS,10006.0,8,0
426000,,,ASH_COATED_OSMIUM,XIRECS,10007.0,7,0
430500,,,ASH_COATED_OSMIUM,XIRECS,9991.0,4,0
432600,,,ASH_COATED_OSMIUM,XIRECS,9991.0,6,0
435000,,,ASH_COATED_OSMIUM,XIRECS,10008.0,4,0
438900,,,ASH_COATED_OSMIUM,XIRECS,10011.0,5,0
439500,,,ASH_COATED_OSMIUM,XIRECS,9989.0,6,0
441100,,,ASH_COATED_OSMIUM,XIRECS,9993.0,3,0
441600,,,ASH_COATED_OSMIUM,XIRECS,10003.0,4,0
448900,,,ASH_COATED_OSMIUM,XIRECS,10010.0,5,0
454100,,,ASH_COATED_OSMIUM,XIRECS,9999.0,6,0
454400,,,ASH_COATED_OSMIUM,XIRECS,9999.0,8,0
460800,,,ASH_COATED_OSMIUM,XIRECS,9998.0,5,0
469200,,,ASH_COATED_OSMIUM,XIRECS,10014.0,3,0
470800,,,ASH_COATED_OSMIUM,XIRECS,10014.0,9,0
475200,,,ASH_COATED_OSMIUM,XIRECS,9995.0,6,0
477400,,,ASH_COATED_OSMIUM,XIRECS,10010.0,5,0
477900,,,ASH_COATED_OSMIUM,XIRECS,10008.0,3,0
478200,,,ASH_COATED_OSMIUM,XIRECS,10008.0,3,0
484300,,,ASH_COATED_OSMIUM,XIRECS,9988.0,9,0
485200,,,ASH_COATED_OSMIUM,XIRECS,9989.0,6,0
486400,,,ASH_COATED_OSMIUM,XIRECS,10009.0,5,0
489100,,,ASH_COATED_OSMIUM,XIRECS,9994.0,6,0
490700,,,ASH_COATED_OSMIUM,XIRECS,9993.0,3,0
496300,,,ASH_COATED_OSMIUM,XIRECS,9991.0,3,0
498300,,,ASH_COATED_OSMIUM,XIRECS,9993.0,7,0
501000,,,ASH_COATED_OSMIUM,XIRECS,9992.0,2,0
505400,,,ASH_COATED_OSMIUM,XIRECS,10011.0,5,0
506500,,,ASH_COATED_OSMIUM,XIRECS,10012.0,3,0
506800,,,ASH_COATED_OSMIUM,XIRECS,10000.0,2,0
515500,,,ASH_COATED_OSMIUM,XIRECS,9997.0,6,0
517700,,,ASH_COATED_OSMIUM,XIRECS,10003.0,3,0
520900,,,ASH_COATED_OSMIUM,XIRECS,10016.0,6,0
521700,,,ASH_COATED_OSMIUM,XIRECS,10015.0,5,0
522200,,,ASH_COATED_OSMIUM,XIRECS,9998.0,5,0
523600,,,ASH_COATED_OSMIUM,XIRECS,9997.0,9,0
525500,,,ASH_COATED_OSMIUM,XIRECS,10013.0,3,0
526000,,,ASH_COATED_OSMIUM,XIRECS,10013.0,7,0
526400,,,ASH_COATED_OSMIUM,XIRECS,10013.0,5,0
527700,,,ASH_COATED_OSMIUM,XIRECS,9994.0,3,0
531200,,,ASH_COATED_OSMIUM,XIRECS,10013.0,2,0
533800,,,ASH_COATED_OSMIUM,XIRECS,10015.0,4,0
534300,,,ASH_COATED_OSMIUM,XIRECS,10001.0,6,0
536800,,,ASH_COATED_OSMIUM,XIRECS,10019.0,2,0
537400,,,ASH_COATED_OSMIUM,XIRECS,10020.0,2,0
541000,,,ASH_COATED_OSMIUM,XIRECS,10021.0,6,0
544100,,,ASH_COATED_OSMIUM,XIRECS,10007.0,7,0
545400,,,ASH_COATED_OSMIUM,XIRECS,10023.0,2,0
546100,,,ASH_COATED_OSMIUM,XIRECS,10006.0,5,0
548100,,,ASH_COATED_OSMIUM,XIRECS,10026.0,9,0
548400,,,ASH_COATED_OSMIUM,XIRECS,10003.0,4,0
553700,,,ASH_COATED_OSMIUM,XIRECS,10003.0,5,0
557200,,,ASH_COATED_OSMIUM,XIRECS,10019.0,6,0
557600,,,ASH_COATED_OSMIUM,XIRECS,10021.0,6,0
560100,,,ASH_COATED_OSMIUM,XIRECS,10019.0,6,0
563900,,,ASH_COATED_OSMIUM,XIRECS,10000.0,3,0
564300,,,ASH_COATED_OSMIUM,XIRECS,10018.0,3,0
566300,,,ASH_COATED_OSMIUM,XIRECS,10018.0,5,0
567200,,,ASH_COATED_OSMIUM,XIRECS,10019.0,5,0
568500,,,ASH_COATED_OSMIUM,XIRECS,10012.0,5,0
573800,,,ASH_COATED_OSMIUM,XIRECS,10019.0,6,0
574600,,,ASH_COATED_OSMIUM,XIRECS,10001.0,9,0
575200,,,ASH_COATED_OSMIUM,XIRECS,10017.0,2,0
576900,,,ASH_COATED_OSMIUM,XIRECS,10000.0,10,0
579000,,,ASH_COATED_OSMIUM,XIRECS,10000.0,9,0
579400,,,ASH_COATED_OSMIUM,XIRECS,10016.0,5,0
580300,,,ASH_COATED_OSMIUM,XIRECS,10017.0,3,0
581300,,,ASH_COATED_OSMIUM,XIRECS,10000.0,4,0
583100,,,ASH_COATED_OSMIUM,XIRECS,9998.0,4,0
586600,,,ASH_COATED_OSMIUM,XIRECS,10015.0,6,0
587200,,,ASH_COATED_OSMIUM,XIRECS,9997.0,5,0
589200,,,ASH_COATED_OSMIUM,XIRECS,9994.0,2,0
591500,,,ASH_COATED_OSMIUM,XIRECS,10013.0,10,0
596200,,,ASH_COATED_OSMIUM,XIRECS,10014.0,7,0
603100,,,ASH_COATED_OSMIUM,XIRECS,10015.0,9,0
604700,,,ASH_COATED_OSMIUM,XIRECS,10013.0,6,0
607300,,,ASH_COATED_OSMIUM,XIRECS,9996.0,3,0
608300,,,ASH_COATED_OSMIUM,XIRECS,10011.0,8,0
609600,,,ASH_COATED_OSMIUM,XIRECS,10009.0,6,0
615100,,,ASH_COATED_OSMIUM,XIRECS,9993.0,3,0
616100,,,ASH_COATED_OSMIUM,XIRECS,10007.0,2,0
618800,,,ASH_COATED_OSMIUM,XIRECS,10009.0,10,0
619900,,,ASH_COATED_OSMIUM,XIRECS,9994.0,5,0
623900,,,ASH_COATED_OSMIUM,XIRECS,10014.0,3,0
624100,,,ASH_COATED_OSMIUM,XIRECS,9995.0,4,0
626000,,,ASH_COATED_OSMIUM,XIRECS,9993.0,2,0
626400,,,ASH_COATED_OSMIUM,XIRECS,10002.0,3,0
626700,,,ASH_COATED_OSMIUM,XIRECS,10008.0,4,0
630100,,,ASH_COATED_OSMIUM,XIRECS,10009.0,2,0
631200,,,ASH_COATED_OSMIUM,XIRECS,10010.0,9,0
632400,,,ASH_COATED_OSMIUM,XIRECS,9994.0,5,0
633900,,,ASH_COATED_OSMIUM,XIRECS,10004.0,2,0
634300,,,ASH_COATED_OSMIUM,XIRECS,10011.0,6,0
635100,,,ASH_COATED_OSMIUM,XIRECS,10010.0,6,0
638000,,,ASH_COATED_OSMIUM,XIRECS,10013.0,4,0
639500,,,ASH_COATED_OSMIUM,XIRECS,9995.0,7,0
639600,,,ASH_COATED_OSMIUM,XIRECS,9996.0,4,0
649200,,,ASH_COATED_OSMIUM,XIRECS,9999.0,3,0
649900,,,ASH_COATED_OSMIUM,XIRECS,9991.0,4,0
654200,,,ASH_COATED_OSMIUM,XIRECS,9990.0,5,0
654400,,,ASH_COATED_OSMIUM,XIRECS,9991.0,3,0
656900,,,ASH_COATED_OSMIUM,XIRECS,9996.0,5,0
657900,,,ASH_COATED_OSMIUM,XIRECS,10007.0,10,0
660600,,,ASH_COATED_OSMIUM,XIRECS,9984.0,6,0
665200,,,ASH_COATED_OSMIUM,XIRECS,9999.0,5,0
665700,,,ASH_COATED_OSMIUM,XIRECS,10000.0,8,0
667500,,,ASH_COATED_OSMIUM,XIRECS,9984.0,4,0
668100,,,ASH_COATED_OSMIUM,XIRECS,10000.0,3,0
670500,,,ASH_COATED_OSMIUM,XIRECS,10003.0,2,0
670800,,,ASH_COATED_OSMIUM,XIRECS,9987.0,9,0
674800,,,ASH_COATED_OSMIUM,XIRECS,10005.0,7,0
676700,,,ASH_COATED_OSMIUM,XIRECS,9984.0,5,0
680300,,,ASH_COATED_OSMIUM,XIRECS,9987.0,6,0
681500,,,ASH_COATED_OSMIUM,XIRECS,9983.0,3,0
682900,,,ASH_COATED_OSMIUM,XIRECS,10003.0,7,0
684100,,,ASH_COATED_OSMIUM,XIRECS,9987.0,8,0
684700,,,ASH_COATED_OSMIUM,XIRECS,9985.0,3,0
690800,,,ASH_COATED_OSMIUM,XIRECS,9983.0,5,0
693100,,,ASH_COATED_OSMIUM,XIRECS,10001.0,4,0
694700,,,ASH_COATED_OSMIUM,XIRECS,10001.0,8,0
696600,,,ASH_COATED_OSMIUM,XIRECS,10001.0,3,0
699600,,,ASH_COATED_OSMIUM,XIRECS,9997.0,9,0
708200,,,ASH_COATED_OSMIUM,XIRECS,9998.0,5,0
709600,,,ASH_COATED_OSMIUM,XIRECS,9999.0,2,0
709800,,,ASH_COATED_OSMIUM,XIRECS,9997.0,5,0
710100,,,ASH_COATED_OSMIUM,XIRECS,9997.0,7,0
721400,,,ASH_COATED_OSMIUM,XIRECS,9997.0,4,0
724600,,,ASH_COATED_OSMIUM,XIRECS,9995.0,2,0
728100,,,ASH_COATED_OSMIUM,XIRECS,9999.0,10,0
728400,,,ASH_COATED_OSMIUM,XIRECS,10000.0,9,0
729300,,,ASH_COATED_OSMIUM,XIRECS,10000.0,8,0
730000,,,ASH_COATED_OSMIUM,XIRECS,9999.0,2,0
731100,,,ASH_COATED_OSMIUM,XIRECS,9983.0,5,0
731200,,,ASH_COATED_OSMIUM,XIRECS,9983.0,7,0
732000,,,ASH_COATED_OSMIUM,XIRECS,9982.0,6,0
739900,,,ASH_COATED_OSMIUM,XIRECS,9981.0,4,0
743700,,,ASH_COATED_OSMIUM,XIRECS,9984.0,2,0
743700,,,ASH_COATED_OSMIUM,XIRECS,10003.0,8,0
745000,,,ASH_COATED_OSMIUM,XIRECS,10001.0,6,0
753500,,,ASH_COATED_OSMIUM,XIRECS,9988.0,7,0
755400,,,ASH_COATED_OSMIUM,XIRECS,9989.0,3,0
755800,,,ASH_COATED_OSMIUM,XIRECS,9989.0,2,0
756200,,,ASH_COATED_OSMIUM,XIRECS,9989.0,9,0
757100,,,ASH_COATED_OSMIUM,XIRECS,10006.0,6,0
759600,,,ASH_COATED_OSMIUM,XIRECS,10006.0,3,0
762600,,,ASH_COATED_OSMIUM,XIRECS,9990.0,7,0
765700,,,ASH_COATED_OSMIUM,XIRECS,9989.0,6,0
767500,,,ASH_COATED_OSMIUM,XIRECS,9995.0,3,0
767600,,,ASH_COATED_OSMIUM,XIRECS,10006.0,10,0
769400,,,ASH_COATED_OSMIUM,XIRECS,9991.0,6,0
769500,,,ASH_COATED_OSMIUM,XIRECS,9990.0,7,0
770200,,,ASH_COATED_OSMIUM,XIRECS,9988.0,5,0
773600,,,ASH_COATED_OSMIUM,XIRECS,9992.0,5,0
779300,,,ASH_COATED_OSMIUM,XIRECS,9988.0,4,0
780200,,,ASH_COATED_OSMIUM,XIRECS,9987.0,4,0
780800,,,ASH_COATED_OSMIUM,XIRECS,10006.0,6,0
781500,,,ASH_COATED_OSMIUM,XIRECS,10008.0,3,0
782400,,,ASH_COATED_OSMIUM,XIRECS,9987.0,4,0
782700,,,ASH_COATED_OSMIUM,XIRECS,10004.0,6,0
783400,,,ASH_COATED_OSMIUM,XIRECS,10005.0,2,0
784600,,,ASH_COATED_OSMIUM,XIRECS,10006.0,4,0
787100,,,ASH_COATED_OSMIUM,XIRECS,10008.0,4,0
788800,,,ASH_COATED_OSMIUM,XIRECS,9989.0,6,0
793200,,,ASH_COATED_OSMIUM,XIRECS,10005.0,4,0
794800,,,ASH_COATED_OSMIUM,XIRECS,9990.0,5,0
797200,,,ASH_COATED_OSMIUM,XIRECS,10004.0,10,0
797300,,,ASH_COATED_OSMIUM,XIRECS,10004.0,6,0
798000,,,ASH_COATED_OSMIUM,XIRECS,10006.0,3,0
802800,,,ASH_COATED_OSMIUM,XIRECS,10006.0,5,0
803300,,,ASH_COATED_OSMIUM,XIRECS,10006.0,10,0
804000,,,ASH_COATED_OSMIUM,XIRECS,9987.0,3,0
804400,,,ASH_COATED_OSMIUM,XIRECS,10009.0,4,0
805400,,,ASH_COATED_OSMIUM,XIRECS,10006.0,2,0
808300,,,ASH_COATED_OSMIUM,XIRECS,10010.0,5,0
808600,,,ASH_COATED_OSMIUM,XIRECS,9993.0,2,0
809300,,,ASH_COATED_OSMIUM,XIRECS,10011.0,5,0
812300,,,ASH_COATED_OSMIUM,XIRECS,9991.0,2,0
812600,,,ASH_COATED_OSMIUM,XIRECS,10010.0,2,0
814300,,,ASH_COATED_OSMIUM,XIRECS,9994.0,5,0
815000,,,ASH_COATED_OSMIUM,XIRECS,9994.0,4,0
821100,,,ASH_COATED_OSMIUM,XIRECS,9995.0,9,0
830800,,,ASH_COATED_OSMIUM,XIRECS,9995.0,9,0
831100,,,ASH_COATED_OSMIUM,XIRECS,10012.0,4,0
842100,,,ASH_COATED_OSMIUM,XIRECS,10012.0,5,0
843800,,,ASH_COATED_OSMIUM,XIRECS,10013.0,4,0
852800,,,ASH_COATED_OSMIUM,XIRECS,10007.0,5,0
853100,,,ASH_COATED_OSMIUM,XIRECS,9996.0,5,0
854000,,,ASH_COATED_OSMIUM,XIRECS,10014.0,6,0
856500,,,ASH_COATED_OSMIUM,XIRECS,9992.0,5,0
860600,,,ASH_COATED_OSMIUM,XIRECS,9992.0,2,0
861400,,,ASH_COATED_OSMIUM,XIRECS,9993.0,4,0
861600,,,ASH_COATED_OSMIUM,XIRECS,10009.0,2,0
864000,,,ASH_COATED_OSMIUM,XIRECS,10007.0,3,0
864600,,,ASH_COATED_OSMIUM,XIRECS,9990.0,3,0
871900,,,ASH_COATED_OSMIUM,XIRECS,10009.0,5,0
872600,,,ASH_COATED_OSMIUM,XIRECS,9991.0,3,0
875700,,,ASH_COATED_OSMIUM,XIRECS,9988.0,10,0
880100,,,ASH_COATED_OSMIUM,XIRECS,9992.0,3,0
881300,,,ASH_COATED_OSMIUM,XIRECS,9991.0,4,0
882400,,,ASH_COATED_OSMIUM,XIRECS,10007.0,5,0
883800,,,ASH_COATED_OSMIUM,XIRECS,10006.0,5,0
885400,,,ASH_COATED_OSMIUM,XIRECS,9988.0,2,0
885600,,,ASH_COATED_OSMIUM,XIRECS,10006.0,4,0
890500,,,ASH_COATED_OSMIUM,XIRECS,9988.0,5,0
891900,,,ASH_COATED_OSMIUM,XIRECS,10008.0,6,0
892800,,,ASH_COATED_OSMIUM,XIRECS,9989.0,6,0
903100,,,ASH_COATED_OSMIUM,XIRECS,10011.0,10,0
908600,,,ASH_COATED_OSMIUM,XIRECS,10006.0,4,0
920200,,,ASH_COATED_OSMIUM,XIRECS,10003.0,4,0
922300,,,ASH_COATED_OSMIUM,XIRECS,10001.0,6,0
923500,,,ASH_COATED_OSMIUM,XIRECS,10017.0,8,0
924900,,,ASH_COATED_OSMIUM,XIRECS,10000.0,2,0
924900,,,ASH_COATED_OSMIUM,XIRECS,10016.0,5,0
927400,,,ASH_COATED_OSMIUM,XIRECS,9996.0,9,0
928900,,,ASH_COATED_OSMIUM,XIRECS,10015.0,2,0
929200,,,ASH_COATED_OSMIUM,XIRECS,10004.0,4,0
930200,,,ASH_COATED_OSMIUM,XIRECS,9997.0,3,0
933000,,,ASH_COATED_OSMIUM,XIRECS,10017.0,9,0
934300,,,ASH_COATED_OSMIUM,XIRECS,10015.0,2,0
941400,,,ASH_COATED_OSMIUM,XIRECS,10014.0,6,0
942800,,,ASH_COATED_OSMIUM,XIRECS,10013.0,6,0
944500,,,ASH_COATED_OSMIUM,XIRECS,10015.0,10,0
950000,,,ASH_COATED_OSMIUM,XIRECS,10019.0,4,0
964900,,,ASH_COATED_OSMIUM,XIRECS,10004.0,2,0
966200,,,ASH_COATED_OSMIUM,XIRECS,10003.0,5,0
972600,,,ASH_COATED_OSMIUM,XIRECS,10002.0,3,0
974300,,,ASH_COATED_OSMIUM,XIRECS,10018.0,4,0
980200,,,ASH_COATED_OSMIUM,XIRECS,10000.0,4,0
987400,,,ASH_COATED_OSMIUM,XIRECS,10016.0,9,0
990400,,,ASH_COATED_OSMIUM,XIRECS,10006.0,2,0
991600,,,ASH_COATED_OSMIUM,XIRECS,10018.0,5,0
993100,,,ASH_COATED_OSMIUM,XIRECS,10017.0,3,0
993400,,,ASH_COATED_OSMIUM,XIRECS,10000.0,3,0
998000,,,ASH_COATED_OSMIUM,XIRECS,10000.0,6,0
998400,,,ASH_COATED_OSMIUM,XIRECS,9999.0,5,0
200,,,INTARIAN_PEPPER_ROOT,XIRECS,12007.0,5,0
3300,,,INTARIAN_PEPPER_ROOT,XIRECS,12010.0,7,0
4100,,,INTARIAN_PEPPER_ROOT,XIRECS,11998.0,6,0
6800,,,INTARIAN_PEPPER_ROOT,XIRECS,12000.0,5,0
9300,,,INTARIAN_PEPPER_ROOT,XIRECS,12005.0,6,0
11900,,,INTARIAN_PEPPER_ROOT,XIRECS,12015.0,4,0
22500,,,INTARIAN_PEPPER_ROOT,XIRECS,12018.0,4,0
23100,,,INTARIAN_PEPPER_ROOT,XIRECS,12014.0,5,0
23200,,,INTARIAN_PEPPER_ROOT,XIRECS,12019.0,4,0
28400,,,INTARIAN_PEPPER_ROOT,XIRECS,12024.0,8,0
36900,,,INTARIAN_PEPPER_ROOT,XIRECS,12030.0,3,0
37200,,,INTARIAN_PEPPER_ROOT,XIRECS,12031.0,4,0
37300,,,INTARIAN_PEPPER_ROOT,XIRECS,12033.0,5,0
38200,,,INTARIAN_PEPPER_ROOT,XIRECS,12034.0,5,0
38400,,,INTARIAN_PEPPER_ROOT,XIRECS,12042.0,3,0
39200,,,INTARIAN_PEPPER_ROOT,XIRECS,12033.0,3,0
40500,,,INTARIAN_PEPPER_ROOT,XIRECS,12036.0,7,0
47900,,,INTARIAN_PEPPER_ROOT,XIRECS,12044.0,4,0
49200,,,INTARIAN_PEPPER_ROOT,XIRECS,12056.0,5,0
53200,,,INTARIAN_PEPPER_ROOT,XIRECS,12063.0,5,0
65600,,,INTARIAN_PEPPER_ROOT,XIRECS,12069.0,8,0
65800,,,INTARIAN_PEPPER_ROOT,XIRECS,12059.0,4,0
67100,,,INTARIAN_PEPPER_ROOT,XIRECS,12061.0,4,0
68200,,,INTARIAN_PEPPER_ROOT,XIRECS,12059.0,3,0
74500,,,INTARIAN_PEPPER_ROOT,XIRECS,12081.0,6,0
75000,,,INTARIAN_PEPPER_ROOT,XIRECS,12068.0,5,0
77900,,,INTARIAN_PEPPER_ROOT,XIRECS,12071.0,4,0
79800,,,INTARIAN_PEPPER_ROOT,XIRECS,12073.0,6,0
85300,,,INTARIAN_PEPPER_ROOT,XIRECS,12088.0,6,0
86800,,,INTARIAN_PEPPER_ROOT,XIRECS,12090.0,5,0
92600,,,INTARIAN_PEPPER_ROOT,XIRECS,12096.0,5,0
96000,,,INTARIAN_PEPPER_ROOT,XIRECS,12089.0,7,0
96900,,,INTARIAN_PEPPER_ROOT,XIRECS,12103.0,4,0
100000,,,INTARIAN_PEPPER_ROOT,XIRECS,12103.0,4,0
100100,,,INTARIAN_PEPPER_ROOT,XIRECS,12107.0,7,0
102600,,,INTARIAN_PEPPER_ROOT,XIRECS,12098.0,4,0
110100,,,INTARIAN_PEPPER_ROOT,XIRECS,12117.0,7,0
113600,,,INTARIAN_PEPPER_ROOT,XIRECS,12120.0,7,0
115400,,,INTARIAN_PEPPER_ROOT,XIRECS,12122.0,6,0
118200,,,INTARIAN_PEPPER_ROOT,XIRECS,12125.0,6,0
126000,,,INTARIAN_PEPPER_ROOT,XIRECS,12119.0,5,0
128400,,,INTARIAN_PEPPER_ROOT,XIRECS,12122.0,7,0
139000,,,INTARIAN_PEPPER_ROOT,XIRECS,12146.0,3,0
139400,,,INTARIAN_PEPPER_ROOT,XIRECS,12133.0,7,0
141700,,,INTARIAN_PEPPER_ROOT,XIRECS,12145.0,6,0
142400,,,INTARIAN_PEPPER_ROOT,XIRECS,12138.0,5,0
143400,,,INTARIAN_PEPPER_ROOT,XIRECS,12137.0,7,0
147600,,,INTARIAN_PEPPER_ROOT,XIRECS,12154.0,6,0
147700,,,INTARIAN_PEPPER_ROOT,XIRECS,12154.0,3,0
148100,,,INTARIAN_PEPPER_ROOT,XIRECS,12144.0,3,0
148700,,,INTARIAN_PEPPER_ROOT,XIRECS,12145.0,8,0
150500,,,INTARIAN_PEPPER_ROOT,XIRECS,12144.0,6,0
159500,,,INTARIAN_PEPPER_ROOT,XIRECS,12153.0,7,0
170000,,,INTARIAN_PEPPER_ROOT,XIRECS,12177.0,7,0
170400,,,INTARIAN_PEPPER_ROOT,XIRECS,12164.0,3,0
172800,,,INTARIAN_PEPPER_ROOT,XIRECS,12176.0,3,0
179600,,,INTARIAN_PEPPER_ROOT,XIRECS,12170.0,5,0
182200,,,INTARIAN_PEPPER_ROOT,XIRECS,12189.0,5,0
183700,,,INTARIAN_PEPPER_ROOT,XIRECS,12190.0,3,0
186400,,,INTARIAN_PEPPER_ROOT,XIRECS,12193.0,7,0
192400,,,INTARIAN_PEPPER_ROOT,XIRECS,12186.0,3,0
192800,,,INTARIAN_PEPPER_ROOT,XIRECS,12199.0,7,0
196500,,,INTARIAN_PEPPER_ROOT,XIRECS,12192.0,7,0
198800,,,INTARIAN_PEPPER_ROOT,XIRECS,12192.0,6,0
203700,,,INTARIAN_PEPPER_ROOT,XIRECS,12213.0,7,0
213100,,,INTARIAN_PEPPER_ROOT,XIRECS,12216.0,6,0
216000,,,INTARIAN_PEPPER_ROOT,XIRECS,12212.0,3,0
216600,,,INTARIAN_PEPPER_ROOT,XIRECS,12212.0,7,0
216800,,,INTARIAN_PEPPER_ROOT,XIRECS,12223.0,6,0
224500,,,INTARIAN_PEPPER_ROOT,XIRECS,12231.0,6,0
229300,,,INTARIAN_PEPPER_ROOT,XIRECS,12236.0,6,0
233100,,,INTARIAN_PEPPER_ROOT,XIRECS,12226.0,5,0
235900,,,INTARIAN_PEPPER_ROOT,XIRECS,12226.0,7,0
237100,,,INTARIAN_PEPPER_ROOT,XIRECS,12247.0,6,0
237600,,,INTARIAN_PEPPER_ROOT,XIRECS,12231.0,3,0
240400,,,INTARIAN_PEPPER_ROOT,XIRECS,12234.0,6,0
240900,,,INTARIAN_PEPPER_ROOT,XIRECS,12251.0,5,0
243400,,,INTARIAN_PEPPER_ROOT,XIRECS,12237.0,5,0
244200,,,INTARIAN_PEPPER_ROOT,XIRECS,12251.0,6,0
248500,,,INTARIAN_PEPPER_ROOT,XIRECS,12244.0,8,0
249200,,,INTARIAN_PEPPER_ROOT,XIRECS,12256.0,4,0
251800,,,INTARIAN_PEPPER_ROOT,XIRECS,12255.0,4,0
254100,,,INTARIAN_PEPPER_ROOT,XIRECS,12261.0,6,0
256700,,,INTARIAN_PEPPER_ROOT,XIRECS,12263.0,5,0
260200,,,INTARIAN_PEPPER_ROOT,XIRECS,12256.0,3,0
262100,,,INTARIAN_PEPPER_ROOT,XIRECS,12269.0,6,0
264000,,,INTARIAN_PEPPER_ROOT,XIRECS,12257.0,3,0
265200,,,INTARIAN_PEPPER_ROOT,XIRECS,12261.0,8,0
265500,,,INTARIAN_PEPPER_ROOT,XIRECS,12261.0,6,0
265900,,,INTARIAN_PEPPER_ROOT,XIRECS,12262.0,8,0
271900,,,INTARIAN_PEPPER_ROOT,XIRECS,12282.0,7,0
277700,,,INTARIAN_PEPPER_ROOT,XIRECS,12284.0,4,0
280600,,,INTARIAN_PEPPER_ROOT,XIRECS,12276.0,8,0
292400,,,INTARIAN_PEPPER_ROOT,XIRECS,12296.0,6,0
293200,,,INTARIAN_PEPPER_ROOT,XIRECS,12289.0,7,0
297300,,,INTARIAN_PEPPER_ROOT,XIRECS,12293.0,3,0
297600,,,INTARIAN_PEPPER_ROOT,XIRECS,12293.0,8,0
298500,,,INTARIAN_PEPPER_ROOT,XIRECS,12292.0,7,0
300500,,,INTARIAN_PEPPER_ROOT,XIRECS,12294.0,3,0
305100,,,INTARIAN_PEPPER_ROOT,XIRECS,12298.0,6,0
307100,,,INTARIAN_PEPPER_ROOT,XIRECS,12314.0,4,0
317300,,,INTARIAN_PEPPER_ROOT,XIRECS,12327.0,5,0
318500,,,INTARIAN_PEPPER_ROOT,XIRECS,12312.0,6,0
319300,,,INTARIAN_PEPPER_ROOT,XIRECS,12313.0,5,0
321500,,,INTARIAN_PEPPER_ROOT,XIRECS,12328.0,3,0
327600,,,INTARIAN_PEPPER_ROOT,XIRECS,12323.0,3,0
329100,,,INTARIAN_PEPPER_ROOT,XIRECS,12322.0,5,0
331600,,,INTARIAN_PEPPER_ROOT,XIRECS,12322.0,7,0
340300,,,INTARIAN_PEPPER_ROOT,XIRECS,12347.0,6,0
346300,,,INTARIAN_PEPPER_ROOT,XIRECS,12350.0,8,0
352200,,,INTARIAN_PEPPER_ROOT,XIRECS,12359.0,7,0
354000,,,INTARIAN_PEPPER_ROOT,XIRECS,12350.0,3,0
354400,,,INTARIAN_PEPPER_ROOT,XIRECS,12350.0,4,0
355300,,,INTARIAN_PEPPER_ROOT,XIRECS,12349.0,7,0
356100,,,INTARIAN_PEPPER_ROOT,XIRECS,12349.0,4,0
361900,,,INTARIAN_PEPPER_ROOT,XIRECS,12369.0,6,0
363100,,,INTARIAN_PEPPER_ROOT,XIRECS,12356.0,4,0
374200,,,INTARIAN_PEPPER_ROOT,XIRECS,12381.0,5,0
374300,,,INTARIAN_PEPPER_ROOT,XIRECS,12368.0,3,0
374900,,,INTARIAN_PEPPER_ROOT,XIRECS,12382.0,5,0
376100,,,INTARIAN_PEPPER_ROOT,XIRECS,12369.0,5,0
378200,,,INTARIAN_PEPPER_ROOT,XIRECS,12372.0,3,0
378500,,,INTARIAN_PEPPER_ROOT,XIRECS,12385.0,7,0
379400,,,INTARIAN_PEPPER_ROOT,XIRECS,12386.0,7,0
381800,,,INTARIAN_PEPPER_ROOT,XIRECS,12372.0,6,0
386500,,,INTARIAN_PEPPER_ROOT,XIRECS,12390.0,3,0
387500,,,INTARIAN_PEPPER_ROOT,XIRECS,12391.0,7,0
389500,,,INTARIAN_PEPPER_ROOT,XIRECS,12383.0,4,0
397900,,,INTARIAN_PEPPER_ROOT,XIRECS,12394.0,6,0
398400,,,INTARIAN_PEPPER_ROOT,XIRECS,12405.0,5,0
400900,,,INTARIAN_PEPPER_ROOT,XIRECS,12391.0,4,0
404700,,,INTARIAN_PEPPER_ROOT,XIRECS,12395.0,5,0
409600,,,INTARIAN_PEPPER_ROOT,XIRECS,12405.0,6,0
421200,,,INTARIAN_PEPPER_ROOT,XIRECS,12424.0,5,0
422100,,,INTARIAN_PEPPER_ROOT,XIRECS,12415.0,7,0
434800,,,INTARIAN_PEPPER_ROOT,XIRECS,12428.0,3,0
437100,,,INTARIAN_PEPPER_ROOT,XIRECS,12427.0,5,0
442300,,,INTARIAN_PEPPER_ROOT,XIRECS,12438.0,7,0
446300,,,INTARIAN_PEPPER_ROOT,XIRECS,12453.0,5,0
448600,,,INTARIAN_PEPPER_ROOT,XIRECS,12455.0,3,0
450900,,,INTARIAN_PEPPER_ROOT,XIRECS,12444.0,6,0
451200,,,INTARIAN_PEPPER_ROOT,XIRECS,12444.0,7,0
452500,,,INTARIAN_PEPPER_ROOT,XIRECS,12456.0,8,0
458100,,,INTARIAN_PEPPER_ROOT,XIRECS,12454.0,8,0
459800,,,INTARIAN_PEPPER_ROOT,XIRECS,12453.0,6,0
463700,,,INTARIAN_PEPPER_ROOT,XIRECS,12467.0,3,0
470800,,,INTARIAN_PEPPER_ROOT,XIRECS,12478.0,7,0
471100,,,INTARIAN_PEPPER_ROOT,XIRECS,12474.0,6,0
478700,,,INTARIAN_PEPPER_ROOT,XIRECS,12474.0,3,0
480500,,,INTARIAN_PEPPER_ROOT,XIRECS,12487.0,4,0
485300,,,INTARIAN_PEPPER_ROOT,XIRECS,12479.0,3,0
486700,,,INTARIAN_PEPPER_ROOT,XIRECS,12480.0,4,0
487800,,,INTARIAN_PEPPER_ROOT,XIRECS,12481.0,3,0
491300,,,INTARIAN_PEPPER_ROOT,XIRECS,12495.0,4,0
492400,,,INTARIAN_PEPPER_ROOT,XIRECS,12486.0,3,0
495900,,,INTARIAN_PEPPER_ROOT,XIRECS,12489.0,6,0
513000,,,INTARIAN_PEPPER_ROOT,XIRECS,12520.0,6,0
513400,,,INTARIAN_PEPPER_ROOT,XIRECS,12520.0,7,0
