timestamp,buyer,seller,symbol,currency,price,quantity,day,trade_notional,bid_price_1,bid_volume_1,bid_price_2,bid_volume_2,bid_price_3,bid_volume_3,ask_price_1,ask_volume_1,ask_price_2,ask_volume_2,ask_price_3,ask_volume_3,mid_price_clean,spread,mid_diff_vs_raw,bid_depth_3,ask_depth_3,imbalance_l1,microprice,trade_vs_mid,trade_vs_bid,trade_vs_ask,trade_side_guess
700,,,ASH_COATED_OSMIUM,XIRECS,9990.0,6,-2,59940.0,9990.0,27.0,,,,,10011.0,27.0,,,,,10000.5,21.0,0.0,27.0,27.0,0.0,10000.5,-10.5,0.0,-21.0,sell_aggressor
900,,,ASH_COATED_OSMIUM,XIRECS,9998.0,2,-2,19996.0,9993.0,13.0,9990.0,30.0,,,9998.0,8.0,10009.0,13.0,10011.0,30.0,9995.5,5.0,0.0,43.0,51.0,0.23809523809523808,9996.095238095239,2.5,5.0,0.0,buy_aggressor
2500,,,ASH_COATED_OSMIUM,XIRECS,10011.0,8,-2,80088.0,9992.0,21.0,,,,,10011.0,14.0,,,,,10001.5,19.0,0.0,21.0,14.0,0.2,10003.4,9.5,19.0,0.0,buy_aggressor
6100,,,ASH_COATED_OSMIUM,XIRECS,10013.0,8,-2,80104.0,9997.0,11.0,9994.0,26.0,,,10013.0,11.0,10015.0,26.0,,,10005.0,16.0,0.0,37.0,37.0,0.0,10005.0,8.0,16.0,0.0,buy_aggressor
12900,,,ASH_COATED_OSMIUM,XIRECS,10001.0,9,-2,90009.0,10001.0,14.0,9998.0,20.0,,,10017.0,14.0,10019.0,20.0,,,10009.0,16.0,0.0,34.0,34.0,0.0,10009.0,-8.0,0.0,-16.0,sell_aggressor
13800,,,ASH_COATED_OSMIUM,XIRECS,10017.0,3,-2,30051.0,9998.0,22.0,,,,,10017.0,13.0,10019.0,22.0,,,10007.5,19.0,0.0,22.0,35.0,0.2571428571428571,10009.942857142858,9.5,19.0,0.0,buy_aggressor
15000,,,ASH_COATED_OSMIUM,XIRECS,10016.0,3,-2,30048.0,10000.0,10.0,,,,,10016.0,10.0,10018.0,21.0,,,10008.0,16.0,0.0,10.0,31.0,0.0,10008.0,8.0,16.0,0.0,buy_aggressor
15100,,,ASH_COATED_OSMIUM,XIRECS,10016.0,5,-2,50080.0,10000.0,15.0,9997.0,29.0,,,10016.0,15.0,10018.0,29.0,,,10008.0,16.0,0.0,44.0,44.0,0.0,10008.0,8.0,16.0,0.0,buy_aggressor
15900,,,ASH_COATED_OSMIUM,XIRECS,9995.0,9,-2,89955.0,9995.0,25.0,,,,,10014.0,12.0,10016.0,25.0,,,10004.5,19.0,0.0,25.0,37.0,0.35135135135135137,10007.837837837838,-9.5,0.0,-19.0,sell_aggressor
17400,,,ASH_COATED_OSMIUM,XIRECS,10014.0,4,-2,40056.0,9998.0,10.0,9995.0,26.0,,,10014.0,10.0,10017.0,26.0,,,10006.0,16.0,0.0,36.0,36.0,0.0,10006.0,8.0,16.0,0.0,buy_aggressor
18400,,,ASH_COATED_OSMIUM,XIRECS,10018.0,4,-2,40072.0,9999.0,11.0,9997.0,20.0,,,10018.0,20.0,,,,,10008.5,19.0,0.0,31.0,20.0,-0.2903225806451613,10005.741935483871,9.5,19.0,0.0,buy_aggressor
24000,,,ASH_COATED_OSMIUM,XIRECS,10013.0,6,-2,60078.0,9997.0,14.0,9994.0,24.0,,,10013.0,14.0,10015.0,24.0,,,10005.0,16.0,0.0,38.0,38.0,0.0,10005.0,8.0,16.0,0.0,buy_aggressor
28700,,,ASH_COATED_OSMIUM,XIRECS,10011.0,2,-2,20022.0,10000.0,4.0,9995.0,10.0,,,10011.0,10.0,10013.0,30.0,,,10005.5,11.0,0.0,14.0,40.0,-0.42857142857142855,10003.142857142857,5.5,11.0,0.0,buy_aggressor
28800,,,ASH_COATED_OSMIUM,XIRECS,10011.0,10,-2,100110.0,9995.0,12.0,9993.0,27.0,,,10011.0,12.0,10014.0,27.0,,,10003.0,16.0,0.0,39.0,39.0,0.0,10003.0,8.0,16.0,0.0,buy_aggressor
30700,,,ASH_COATED_OSMIUM,XIRECS,10012.0,6,-2,60072.0,9996.0,11.0,,,,,10012.0,11.0,10014.0,24.0,,,10004.0,16.0,0.0,11.0,35.0,0.0,10004.0,8.0,16.0,0.0,buy_aggressor
32400,,,ASH_COATED_OSMIUM,XIRECS,10005.0,4,-2,40020.0,10005.0,10.0,9996.0,10.0,9993.0,30.0,10012.0,10.0,,,,,10008.5,7.0,0.0,50.0,10.0,0.0,10008.5,-3.5,0.0,-7.0,sell_aggressor
33000,,,ASH_COATED_OSMIUM,XIRECS,10013.0,9,-2,90117.0,9997.0,13.0,,,,,10013.0,13.0,10015.0,26.0,,,10005.0,16.0,0.0,13.0,39.0,0.0,10005.0,8.0,16.0,0.0,buy_aggressor
36600,,,ASH_COATED_OSMIUM,XIRECS,9997.0,6,-2,59982.0,9997.0,15.0,9994.0,29.0,,,10015.0,29.0,,,,,10006.0,18.0,0.0,44.0,29.0,-0.3181818181818182,10003.136363636364,-9.0,0.0,-18.0,sell_aggressor
36700,,,ASH_COATED_OSMIUM,XIRECS,10012.0,10,-2,100120.0,9996.0,14.0,9994.0,30.0,,,10012.0,14.0,10015.0,30.0,,,10004.0,16.0,0.0,44.0,44.0,0.0,10004.0,8.0,16.0,0.0,buy_aggressor
40500,,,ASH_COATED_OSMIUM,XIRECS,9997.0,2,-2,19994.0,9997.0,14.0,9994.0,29.0,,,10013.0,14.0,,,,,10005.0,16.0,0.0,43.0,14.0,0.0,10005.0,-8.0,0.0,-16.0,sell_aggressor
42000,,,ASH_COATED_OSMIUM,XIRECS,10006.0,4,-2,40024.0,9996.0,11.0,9994.0,20.0,,,10006.0,4.0,10012.0,11.0,,,10001.0,10.0,0.0,31.0,15.0,0.4666666666666667,10003.333333333334,5.0,10.0,0.0,buy_aggressor
44200,,,ASH_COATED_OSMIUM,XIRECS,10014.0,2,-2,20028.0,9995.0,12.0,,,,,10014.0,26.0,,,,,10004.5,19.0,0.0,12.0,26.0,-0.3684210526315789,10001.0,9.5,19.0,0.0,buy_aggressor
45600,,,ASH_COATED_OSMIUM,XIRECS,10011.0,4,-2,40044.0,9995.0,12.0,9992.0,27.0,,,10011.0,12.0,10013.0,27.0,,,10003.0,16.0,0.0,39.0,39.0,0.0,10003.0,8.0,16.0,0.0,buy_aggressor
48000,,,ASH_COATED_OSMIUM,XIRECS,10014.0,10,-2,100140.0,9998.0,13.0,9995.0,28.0,,,10014.0,13.0,10016.0,28.0,,,10006.0,16.0,0.0,41.0,41.0,0.0,10006.0,8.0,16.0,0.0,buy_aggressor
50000,,,ASH_COATED_OSMIUM,XIRECS,10008.0,3,-2,30024.0,10008.0,3.0,9998.0,10.0,,,10014.0,10.0,10017.0,27.0,,,10011.0,6.0,0.0,13.0,37.0,-0.5384615384615384,10009.384615384615,-3.0,0.0,-6.0,sell_aggressor
50800,,,ASH_COATED_OSMIUM,XIRECS,10015.0,5,-2,50075.0,9999.0,13.0,9997.0,30.0,,,10015.0,13.0,,,,,10007.0,16.0,0.0,43.0,13.0,0.0,10007.0,8.0,16.0,0.0,buy_aggressor
51400,,,ASH_COATED_OSMIUM,XIRECS,10018.0,8,-2,80144.0,10000.0,15.0,9997.0,20.0,,,10018.0,20.0,,,,,10009.0,18.0,0.0,35.0,20.0,-0.14285714285714285,10007.714285714286,9.0,18.0,0.0,buy_aggressor
53800,,,ASH_COATED_OSMIUM,XIRECS,9999.0,10,-2,99990.0,9999.0,10.0,,,,,10017.0,24.0,,,,,10008.0,18.0,0.0,10.0,24.0,-0.4117647058823529,10004.29411764706,-9.0,0.0,-18.0,sell_aggressor
55900,,,ASH_COATED_OSMIUM,XIRECS,10013.0,6,-2,60078.0,9995.0,26.0,,,,,10013.0,14.0,10016.0,26.0,,,10004.0,18.0,0.0,26.0,40.0,0.3,10006.7,9.0,18.0,0.0,buy_aggressor
57600,,,ASH_COATED_OSMIUM,XIRECS,9998.0,6,-2,59988.0,9998.0,13.0,9996.0,30.0,,,10014.0,13.0,,,,,10006.0,16.0,0.0,43.0,13.0,0.0,10006.0,-8.0,0.0,-16.0,sell_aggressor
67300,,,ASH_COATED_OSMIUM,XIRECS,9989.0,8,-2,79912.0,9989.0,10.0,9986.0,26.0,,,10005.0,10.0,10007.0,26.0,,,9997.0,16.0,0.0,36.0,36.0,0.0,9997.0,-8.0,0.0,-16.0,sell_aggressor
69400,,,ASH_COATED_OSMIUM,XIRECS,9987.0,5,-2,49935.0,9987.0,15.0,9985.0,20.0,,,10003.0,15.0,10006.0,20.0,,,9995.0,16.0,0.0,35.0,35.0,0.0,9995.0,-8.0,0.0,-16.0,sell_aggressor
71700,,,ASH_COATED_OSMIUM,XIRECS,9990.0,8,-2,79920.0,9990.0,14.0,9987.0,20.0,,,10006.0,14.0,10008.0,20.0,,,9998.0,16.0,0.0,34.0,34.0,0.0,9998.0,-8.0,0.0,-16.0,sell_aggressor
72900,,,ASH_COATED_OSMIUM,XIRECS,9990.0,9,-2,89910.0,9990.0,15.0,9988.0,23.0,,,10006.0,15.0,10009.0,23.0,,,9998.0,16.0,0.0,38.0,38.0,0.0,9998.0,-8.0,0.0,-16.0,sell_aggressor
73900,,,ASH_COATED_OSMIUM,XIRECS,9991.0,7,-2,69937.0,9991.0,13.0,9988.0,26.0,,,10007.0,13.0,10009.0,26.0,,,9999.0,16.0,0.0,39.0,39.0,0.0,9999.0,-8.0,0.0,-16.0,sell_aggressor
74500,,,ASH_COATED_OSMIUM,XIRECS,10007.0,9,-2,90063.0,9991.0,15.0,,,,,10007.0,15.0,10009.0,22.0,,,9999.0,16.0,0.0,15.0,37.0,0.0,9999.0,8.0,16.0,0.0,buy_aggressor
76000,,,ASH_COATED_OSMIUM,XIRECS,10008.0,7,-2,70056.0,9991.0,14.0,9989.0,30.0,,,10007.0,14.0,10010.0,30.0,,,9999.0,16.0,0.0,44.0,44.0,0.0,9999.0,9.0,17.0,1.0,buy_aggressor
79600,,,ASH_COATED_OSMIUM,XIRECS,10008.0,6,-2,60048.0,9992.0,11.0,,,,,10008.0,11.0,,,,,10000.0,16.0,0.0,11.0,11.0,0.0,10000.0,8.0,16.0,0.0,buy_aggressor
81200,,,ASH_COATED_OSMIUM,XIRECS,9991.0,6,-2,59946.0,9991.0,11.0,,,,,10007.0,11.0,10010.0,26.0,,,9999.0,16.0,0.0,11.0,37.0,0.0,9999.0,-8.0,0.0,-16.0,sell_aggressor
84600,,,ASH_COATED_OSMIUM,XIRECS,9990.0,2,-2,19980.0,9990.0,11.0,9988.0,26.0,,,10006.0,11.0,,,,,9998.0,16.0,0.0,37.0,11.0,0.0,9998.0,-8.0,0.0,-16.0,sell_aggressor
86100,,,ASH_COATED_OSMIUM,XIRECS,10007.0,6,-2,60042.0,9991.0,15.0,,,,,10007.0,15.0,10009.0,20.0,,,9999.0,16.0,0.0,15.0,35.0,0.0,9999.0,8.0,16.0,0.0,buy_aggressor
86200,,,ASH_COATED_OSMIUM,XIRECS,9991.0,4,-2,39964.0,9991.0,14.0,9989.0,28.0,,,10010.0,28.0,,,,,10000.5,19.0,0.0,42.0,28.0,-0.3333333333333333,9997.333333333334,-9.5,0.0,-19.0,sell_aggressor
94000,,,ASH_COATED_OSMIUM,XIRECS,10004.0,8,-2,80032.0,9988.0,13.0,9986.0,28.0,,,10004.0,13.0,10007.0,28.0,,,9996.0,16.0,0.0,41.0,41.0,0.0,9996.0,8.0,16.0,0.0,buy_aggressor
94400,,,ASH_COATED_OSMIUM,XIRECS,10004.0,3,-2,30012.0,9988.0,14.0,,,,,10004.0,14.0,,,,,9996.0,16.0,0.0,14.0,14.0,0.0,9996.0,8.0,16.0,0.0,buy_aggressor
96300,,,ASH_COATED_OSMIUM,XIRECS,10006.0,8,-2,80048.0,9990.0,10.0,9987.0,24.0,,,10006.0,10.0,,,,,9998.0,16.0,0.0,34.0,10.0,0.0,9998.0,8.0,16.0,0.0,buy_aggressor
97200,,,ASH_COATED_OSMIUM,XIRECS,9994.0,4,-2,39976.0,9989.0,14.0,9986.0,22.0,,,9994.0,3.0,10005.0,14.0,10007.0,22.0,9991.5,5.0,0.0,36.0,39.0,0.6470588235294118,9993.117647058823,2.5,5.0,0.0,buy_aggressor
97600,,,ASH_COATED_OSMIUM,XIRECS,9999.0,3,-2,29997.0,9987.0,30.0,,,,,9999.0,3.0,10005.0,15.0,10008.0,30.0,9993.0,12.0,0.0,30.0,48.0,0.8181818181818182,9997.90909090909,6.0,12.0,0.0,buy_aggressor
98200,,,ASH_COATED_OSMIUM,XIRECS,9990.0,3,-2,29970.0,9990.0,10.0,9987.0,26.0,,,10006.0,10.0,10008.0,26.0,,,9998.0,16.0,0.0,36.0,36.0,0.0,9998.0,-8.0,0.0,-16.0,sell_aggressor
100100,,,ASH_COATED_OSMIUM,XIRECS,9993.0,3,-2,29979.0,9993.0,3.0,9987.0,13.0,,,10003.0,13.0,10006.0,26.0,,,9998.0,10.0,0.0,16.0,39.0,-0.625,9994.875,-5.0,0.0,-10.0,sell_aggressor
101700,,,ASH_COATED_OSMIUM,XIRECS,10001.0,5,-2,50005.0,9985.0,12.0,,,,,10001.0,12.0,10004.0,22.0,,,9993.0,16.0,0.0,12.0,34.0,0.0,9993.0,8.0,16.0,0.0,buy_aggressor
103900,,,ASH_COATED_OSMIUM,XIRECS,10004.0,4,-2,40016.0,9988.0,13.0,,,,,10004.0,13.0,10006.0,22.0,,,9996.0,16.0,0.0,13.0,35.0,0.0,9996.0,8.0,16.0,0.0,buy_aggressor
105100,,,ASH_COATED_OSMIUM,XIRECS,9990.0,8,-2,79920.0,9990.0,11.0,9987.0,27.0,,,10006.0,11.0,10008.0,27.0,,,9998.0,16.0,0.0,38.0,38.0,0.0,9998.0,-8.0,0.0,-16.0,sell_aggressor
105200,,,ASH_COATED_OSMIUM,XIRECS,10005.0,3,-2,30015.0,9987.0,20.0,,,,,10005.0,13.0,,,,,9996.0,18.0,0.0,20.0,13.0,0.21212121212121213,9997.90909090909,9.0,18.0,0.0,buy_aggressor
106000,,,ASH_COATED_OSMIUM,XIRECS,9989.0,4,-2,39956.0,9989.0,14.0,9987.0,23.0,,,10008.0,23.0,,,,,9998.5,19.0,0.0,37.0,23.0,-0.24324324324324326,9996.18918918919,-9.5,0.0,-19.0,sell_aggressor
107900,,,ASH_COATED_OSMIUM,XIRECS,9991.0,6,-2,59946.0,9991.0,14.0,9988.0,23.0,,,10007.0,14.0,,,,,9999.0,16.0,0.0,37.0,14.0,0.0,9999.0,-8.0,0.0,-16.0,sell_aggressor
108800,,,ASH_COATED_OSMIUM,XIRECS,9990.0,9,-2,89910.0,9990.0,13.0,9988.0,20.0,,,10000.0,3.0,10006.0,13.0,10009.0,20.0,9995.0,10.0,0.0,33.0,36.0,0.625,9998.125,-5.0,0.0,-10.0,sell_aggressor
111800,,,ASH_COATED_OSMIUM,XIRECS,9989.0,6,-2,59934.0,9989.0,25.0,,,,,10008.0,10.0,10010.0,25.0,,,9998.5,19.0,0.0,25.0,35.0,0.42857142857142855,10002.57142857143,-9.5,0.0,-19.0,sell_aggressor
113300,,,ASH_COATED_OSMIUM,XIRECS,9995.0,5,-2,49975.0,9995.0,10.0,9992.0,20.0,,,10013.0,20.0,,,,,10004.0,18.0,0.0,30.0,20.0,-0.3333333333333333,10001.0,-9.0,0.0,-18.0,sell_aggressor
113500,,,ASH_COATED_OSMIUM,XIRECS,10010.0,4,-2,40040.0,9994.0,15.0,9992.0,20.0,,,10010.0,15.0,10013.0,20.0,,,10002.0,16.0,0.0,35.0,35.0,0.0,10002.0,8.0,16.0,0.0,buy_aggressor
114100,,,ASH_COATED_OSMIUM,XIRECS,10011.0,10,-2,100110.0,9995.0,13.0,9992.0,26.0,,,10011.0,13.0,10013.0,26.0,,,10003.0,16.0,0.0,39.0,39.0,0.0,10003.0,8.0,16.0,0.0,buy_aggressor
118900,,,ASH_COATED_OSMIUM,XIRECS,9993.0,3,-2,29979.0,9993.0,11.0,,,,,10009.0,11.0,,,,,10001.0,16.0,0.0,11.0,11.0,0.0,10001.0,-8.0,0.0,-16.0,sell_aggressor
119100,,,ASH_COATED_OSMIUM,XIRECS,10010.0,4,-2,40040.0,9994.0,13.0,9991.0,22.0,,,10010.0,13.0,10012.0,22.0,,,10002.0,16.0,0.0,35.0,35.0,0.0,10002.0,8.0,16.0,0.0,buy_aggressor
120000,,,ASH_COATED_OSMIUM,XIRECS,10010.0,8,-2,80080.0,9994.0,12.0,9992.0,22.0,,,10010.0,12.0,10013.0,22.0,,,10002.0,16.0,0.0,34.0,34.0,0.0,10002.0,8.0,16.0,0.0,buy_aggressor
120900,,,ASH_COATED_OSMIUM,XIRECS,10010.0,6,-2,60060.0,9994.0,14.0,9992.0,29.0,,,10010.0,14.0,10013.0,29.0,,,10002.0,16.0,0.0,43.0,43.0,0.0,10002.0,8.0,16.0,0.0,buy_aggressor
122900,,,ASH_COATED_OSMIUM,XIRECS,9991.0,3,-2,29973.0,9991.0,27.0,,,,,10009.0,14.0,10012.0,27.0,,,10000.0,18.0,0.0,27.0,41.0,0.3170731707317073,10002.853658536585,-9.0,0.0,-18.0,sell_aggressor
125200,,,ASH_COATED_OSMIUM,XIRECS,10007.0,3,-2,30021.0,9991.0,10.0,9988.0,25.0,,,10007.0,10.0,10009.0,25.0,,,9999.0,16.0,0.0,35.0,35.0,0.0,9999.0,8.0,16.0,0.0,buy_aggressor
125400,,,ASH_COATED_OSMIUM,XIRECS,9990.0,3,-2,29970.0,9990.0,11.0,,,,,10006.0,11.0,10009.0,30.0,,,9998.0,16.0,0.0,11.0,41.0,0.0,9998.0,-8.0,0.0,-16.0,sell_aggressor
133100,,,ASH_COATED_OSMIUM,XIRECS,9991.0,8,-2,79928.0,9991.0,15.0,9988.0,29.0,,,10009.0,29.0,,,,,10000.0,18.0,0.0,44.0,29.0,-0.3181818181818182,9997.136363636364,-9.0,0.0,-18.0,sell_aggressor
135800,,,ASH_COATED_OSMIUM,XIRECS,9992.0,2,-2,19984.0,9992.0,10.0,9990.0,26.0,,,10008.0,10.0,,,,,10000.0,16.0,0.0,36.0,10.0,0.0,10000.0,-8.0,0.0,-16.0,sell_aggressor
137500,,,ASH_COATED_OSMIUM,XIRECS,9992.0,5,-2,49960.0,9992.0,12.0,9990.0,25.0,,,10008.0,12.0,10011.0,25.0,,,10000.0,16.0,0.0,37.0,37.0,0.0,10000.0,-8.0,0.0,-16.0,sell_aggressor
139000,,,ASH_COATED_OSMIUM,XIRECS,9988.0,6,-2,59928.0,9988.0,20.0,,,,,10009.0,20.0,,,,,9998.5,21.0,0.0,20.0,20.0,0.0,9998.5,-10.5,0.0,-21.0,sell_aggressor
149800,,,ASH_COATED_OSMIUM,XIRECS,10007.0,6,-2,60042.0,9991.0,10.0,,,,,10007.0,10.0,,,,,9999.0,16.0,0.0,10.0,10.0,0.0,9999.0,8.0,16.0,0.0,buy_aggressor
157000,,,ASH_COATED_OSMIUM,XIRECS,10005.0,3,-2,30015.0,9989.0,14.0,9986.0,30.0,,,10005.0,14.0,,,,,9997.0,16.0,0.0,44.0,14.0,0.0,9997.0,8.0,16.0,0.0,buy_aggressor
160300,,,ASH_COATED_OSMIUM,XIRECS,10004.0,5,-2,50020.0,9988.0,15.0,,,,,10004.0,15.0,10007.0,30.0,,,9996.0,16.0,0.0,15.0,45.0,0.0,9996.0,8.0,16.0,0.0,buy_aggressor
161600,,,ASH_COATED_OSMIUM,XIRECS,10005.0,2,-2,20010.0,9989.0,14.0,9987.0,22.0,,,10005.0,14.0,10008.0,22.0,,,9997.0,16.0,0.0,36.0,36.0,0.0,9997.0,8.0,16.0,0.0,buy_aggressor
173600,,,ASH_COATED_OSMIUM,XIRECS,9992.0,5,-2,49960.0,9992.0,13.0,9989.0,24.0,,,10008.0,13.0,,,,,10000.0,16.0,0.0,37.0,13.0,0.0,10000.0,-8.0,0.0,-16.0,sell_aggressor
174200,,,ASH_COATED_OSMIUM,XIRECS,10007.0,3,-2,30021.0,9991.0,14.0,,,,,10007.0,14.0,10010.0,28.0,,,9999.0,16.0,0.0,14.0,42.0,0.0,9999.0,8.0,16.0,0.0,buy_aggressor
175000,,,ASH_COATED_OSMIUM,XIRECS,9998.0,3,-2,29994.0,9998.0,5.0,9992.0,14.0,,,10008.0,14.0,10011.0,28.0,,,10003.0,10.0,0.0,19.0,42.0,-0.47368421052631576,10000.631578947368,-5.0,0.0,-10.0,sell_aggressor
175400,,,ASH_COATED_OSMIUM,XIRECS,10011.0,4,-2,40044.0,9993.0,14.0,9990.0,26.0,,,10011.0,26.0,,,,,10002.0,18.0,0.0,40.0,26.0,-0.3,9999.3,9.0,18.0,0.0,buy_aggressor
179600,,,ASH_COATED_OSMIUM,XIRECS,10009.0,10,-2,100090.0,9993.0,14.0,9991.0,21.0,,,10009.0,14.0,10012.0,21.0,,,10001.0,16.0,0.0,35.0,35.0,0.0,10001.0,8.0,16.0,0.0,buy_aggressor
183600,,,ASH_COATED_OSMIUM,XIRECS,10010.0,10,-2,100100.0,9994.0,14.0,9991.0,22.0,,,10010.0,14.0,10012.0,22.0,,,10002.0,16.0,0.0,36.0,36.0,0.0,10002.0,8.0,16.0,0.0,buy_aggressor
184400,,,ASH_COATED_OSMIUM,XIRECS,10010.0,5,-2,50050.0,9994.0,13.0,,,,,10010.0,13.0,10012.0,28.0,,,10002.0,16.0,0.0,13.0,41.0,0.0,10002.0,8.0,16.0,0.0,buy_aggressor
184800,,,ASH_COATED_OSMIUM,XIRECS,9993.0,2,-2,19986.0,9993.0,10.0,,,,,10009.0,10.0,10012.0,23.0,,,10001.0,16.0,0.0,10.0,33.0,0.0,10001.0,-8.0,0.0,-16.0,sell_aggressor
186400,,,ASH_COATED_OSMIUM,XIRECS,9992.0,5,-2,49960.0,9992.0,12.0,9990.0,28.0,,,10008.0,12.0,10011.0,28.0,,,10000.0,16.0,0.0,40.0,40.0,0.0,10000.0,-8.0,0.0,-16.0,sell_aggressor
190100,,,ASH_COATED_OSMIUM,XIRECS,10009.0,3,-2,30027.0,9993.0,15.0,9990.0,23.0,,,10009.0,15.0,10011.0,23.0,,,10001.0,16.0,0.0,38.0,38.0,0.0,10001.0,8.0,16.0,0.0,buy_aggressor
190800,,,ASH_COATED_OSMIUM,XIRECS,9991.0,6,-2,59946.0,9991.0,15.0,9989.0,24.0,,,10007.0,15.0,10010.0,24.0,,,9999.0,16.0,0.0,39.0,39.0,0.0,9999.0,-8.0,0.0,-16.0,sell_aggressor
192800,,,ASH_COATED_OSMIUM,XIRECS,10006.0,5,-2,50030.0,9990.0,11.0,9988.0,26.0,,,10006.0,11.0,,,,,9998.0,16.0,0.0,37.0,11.0,0.0,9998.0,8.0,16.0,0.0,buy_aggressor
194700,,,ASH_COATED_OSMIUM,XIRECS,9989.0,9,-2,89901.0,9989.0,10.0,9986.0,22.0,,,10007.0,22.0,,,,,9998.0,18.0,0.0,32.0,22.0,-0.375,9994.625,-9.0,0.0,-18.0,sell_aggressor
197100,,,ASH_COATED_OSMIUM,XIRECS,9987.0,3,-2,29961.0,9987.0,12.0,9984.0,22.0,,,10003.0,12.0,10005.0,22.0,,,9995.0,16.0,0.0,34.0,34.0,0.0,9995.0,-8.0,0.0,-16.0,sell_aggressor
200600,,,ASH_COATED_OSMIUM,XIRECS,10000.0,6,-2,60000.0,9984.0,15.0,,,,,10000.0,15.0,10002.0,25.0,,,9992.0,16.0,0.0,15.0,40.0,0.0,9992.0,8.0,16.0,0.0,buy_aggressor
202700,,,ASH_COATED_OSMIUM,XIRECS,9987.0,2,-2,19974.0,9987.0,12.0,9984.0,29.0,,,10003.0,12.0,10005.0,29.0,,,9995.0,16.0,0.0,41.0,41.0,0.0,9995.0,-8.0,0.0,-16.0,sell_aggressor
203500,,,ASH_COATED_OSMIUM,XIRECS,9996.0,3,-2,29988.0,9986.0,13.0,9984.0,27.0,,,9996.0,3.0,10002.0,13.0,,,9991.0,10.0,0.0,40.0,16.0,0.625,9994.125,5.0,10.0,0.0,buy_aggressor
206500,,,ASH_COATED_OSMIUM,XIRECS,9985.0,3,-2,29955.0,9985.0,26.0,,,,,10003.0,11.0,10006.0,26.0,,,9994.0,18.0,0.0,26.0,37.0,0.40540540540540543,9997.648648648648,-9.0,0.0,-18.0,sell_aggressor
207600,,,ASH_COATED_OSMIUM,XIRECS,10003.0,2,-2,20006.0,9987.0,11.0,9985.0,29.0,,,10003.0,11.0,10006.0,29.0,,,9995.0,16.0,0.0,40.0,40.0,0.0,9995.0,8.0,16.0,0.0,buy_aggressor
208500,,,ASH_COATED_OSMIUM,XIRECS,10003.0,9,-2,90027.0,9985.0,29.0,,,,,10003.0,13.0,10006.0,29.0,,,9994.0,18.0,0.0,29.0,42.0,0.38095238095238093,9997.42857142857,9.0,18.0,0.0,buy_aggressor
211000,,,ASH_COATED_OSMIUM,XIRECS,9987.0,2,-2,19974.0,9987.0,10.0,9985.0,29.0,,,10003.0,10.0,10006.0,29.0,,,9995.0,16.0,0.0,39.0,39.0,0.0,9995.0,-8.0,0.0,-16.0,sell_aggressor
216000,,,ASH_COATED_OSMIUM,XIRECS,9990.0,6,-2,59940.0,9990.0,13.0,9987.0,22.0,,,10006.0,13.0,10008.0,22.0,,,9998.0,16.0,0.0,35.0,35.0,0.0,9998.0,-8.0,0.0,-16.0,sell_aggressor
216600,,,ASH_COATED_OSMIUM,XIRECS,10006.0,5,-2,50030.0,9990.0,14.0,9987.0,26.0,,,10006.0,14.0,10008.0,26.0,,,9998.0,16.0,0.0,40.0,40.0,0.0,9998.0,8.0,16.0,0.0,buy_aggressor
220300,,,ASH_COATED_OSMIUM,XIRECS,10000.0,2,-2,20000.0,10000.0,4.0,9991.0,12.0,,,10007.0,12.0,10009.0,26.0,,,10003.5,7.0,0.0,16.0,38.0,-0.5,10001.75,-3.5,0.0,-7.0,sell_aggressor
221200,,,ASH_COATED_OSMIUM,XIRECS,9992.0,3,-2,29976.0,9992.0,15.0,,,,,10001.0,4.0,10008.0,15.0,,,9996.5,9.0,0.0,15.0,19.0,0.5789473684210527,9999.105263157895,-4.5,0.0,-9.0,sell_aggressor
224200,,,ASH_COATED_OSMIUM,XIRECS,10009.0,4,-2,40036.0,9993.0,13.0,9990.0,23.0,,,10009.0,13.0,10011.0,23.0,,,10001.0,16.0,0.0,36.0,36.0,0.0,10001.0,8.0,16.0,0.0,buy_aggressor
225700,,,ASH_COATED_OSMIUM,XIRECS,10007.0,4,-2,40028.0,9989.0,20.0,,,,,10007.0,10.0,10010.0,20.0,,,9998.0,18.0,0.0,20.0,30.0,0.3333333333333333,10001.0,9.0,18.0,0.0,buy_aggressor
232000,,,ASH_COATED_OSMIUM,XIRECS,10006.0,4,-2,40024.0,9990.0,11.0,9987.0,30.0,,,10006.0,11.0,10008.0,30.0,,,9998.0,16.0,0.0,41.0,41.0,0.0,9998.0,8.0,16.0,0.0,buy_aggressor
232100,,,ASH_COATED_OSMIUM,XIRECS,9990.0,2,-2,19980.0,9990.0,15.0,9988.0,22.0,,,10000.0,4.0,10006.0,15.0,,,9995.0,10.0,0.0,37.0,19.0,0.5789473684210527,9997.894736842105,-5.0,0.0,-10.0,sell_aggressor
236400,,,ASH_COATED_OSMIUM,XIRECS,10006.0,9,-2,90054.0,9990.0,15.0,,,,,10006.0,15.0,10008.0,25.0,,,9998.0,16.0,0.0,15.0,40.0,0.0,9998.0,8.0,16.0,0.0,buy_aggressor
236600,,,ASH_COATED_OSMIUM,XIRECS,9990.0,10,-2,99900.0,9990.0,11.0,9987.0,26.0,,,10006.0,11.0,10008.0,26.0,,,9998.0,16.0,0.0,37.0,37.0,0.0,9998.0,-8.0,0.0,-16.0,sell_aggressor
236800,,,ASH_COATED_OSMIUM,XIRECS,10006.0,2,-2,20012.0,9990.0,14.0,9987.0,24.0,,,10006.0,14.0,10008.0,24.0,,,9998.0,16.0,0.0,38.0,38.0,0.0,9998.0,8.0,16.0,0.0,buy_aggressor
242400,,,ASH_COATED_OSMIUM,XIRECS,10008.0,5,-2,50040.0,9989.0,15.0,9987.0,23.0,,,10008.0,23.0,,,,,9998.5,19.0,0.0,38.0,23.0,-0.21052631578947367,9996.5,9.5,19.0,0.0,buy_aggressor
242600,,,ASH_COATED_OSMIUM,XIRECS,10005.0,4,-2,40020.0,9989.0,13.0,9986.0,24.0,,,10005.0,13.0,,,,,9997.0,16.0,0.0,37.0,13.0,0.0,9997.0,8.0,16.0,0.0,buy_aggressor
244000,,,ASH_COATED_OSMIUM,XIRECS,10005.0,2,-2,20010.0,9987.0,27.0,,,,,10005.0,12.0,10008.0,27.0,,,9996.0,18.0,0.0,27.0,39.0,0.38461538461538464,9999.461538461539,9.0,18.0,0.0,buy_aggressor
245900,,,ASH_COATED_OSMIUM,XIRECS,9990.0,3,-2,29970.0,9990.0,14.0,,,,,10009.0,27.0,,,,,9999.5,19.0,0.0,14.0,27.0,-0.3170731707317073,9996.487804878048,-9.5,0.0,-19.0,sell_aggressor
249700,,,ASH_COATED_OSMIUM,XIRECS,9990.0,4,-2,39960.0,9990.0,15.0,9987.0,28.0,,,10006.0,15.0,10008.0,28.0,,,9998.0,16.0,0.0,43.0,43.0,0.0,9998.0,-8.0,0.0,-16.0,sell_aggressor
253000,,,ASH_COATED_OSMIUM,XIRECS,10007.0,2,-2,20014.0,9989.0,27.0,,,,,10007.0,12.0,10010.0,27.0,,,9998.0,18.0,0.0,27.0,39.0,0.38461538461538464,10001.461538461539,9.0,18.0,0.0,buy_aggressor
254100,,,ASH_COATED_OSMIUM,XIRECS,10000.0,4,-2,40000.0,10000.0,2.0,9990.0,13.0,,,10006.0,13.0,10009.0,24.0,,,10003.0,6.0,0.0,15.0,37.0,-0.7333333333333333,10000.8,-3.0,0.0,-6.0,sell_aggressor
254400,,,ASH_COATED_OSMIUM,XIRECS,9995.0,2,-2,19990.0,9995.0,3.0,9990.0,15.0,9987.0,24.0,10006.0,15.0,10008.0,24.0,,,10000.5,11.0,0.0,42.0,39.0,-0.6666666666666666,9996.833333333334,-5.5,0.0,-11.0,sell_aggressor
255200,,,ASH_COATED_OSMIUM,XIRECS,9989.0,2,-2,19978.0,9989.0,11.0,9986.0,26.0,,,10005.0,11.0,10007.0,26.0,,,9997.0,16.0,0.0,37.0,37.0,0.0,9997.0,-8.0,0.0,-16.0,sell_aggressor
257500,,,ASH_COATED_OSMIUM,XIRECS,10004.0,5,-2,50020.0,9988.0,11.0,9985.0,24.0,,,10004.0,11.0,,,,,9996.0,16.0,0.0,35.0,11.0,0.0,9996.0,8.0,16.0,0.0,buy_aggressor
260000,,,ASH_COATED_OSMIUM,XIRECS,10003.0,7,-2,70021.0,9987.0,10.0,9985.0,28.0,,,10003.0,10.0,10006.0,28.0,,,9995.0,16.0,0.0,38.0,38.0,0.0,9995.0,8.0,16.0,0.0,buy_aggressor
260800,,,ASH_COATED_OSMIUM,XIRECS,9987.0,3,-2,29961.0,9987.0,10.0,9985.0,23.0,,,10003.0,10.0,10006.0,23.0,,,9995.0,16.0,0.0,33.0,33.0,0.0,9995.0,-8.0,0.0,-16.0,sell_aggressor
261600,,,ASH_COATED_OSMIUM,XIRECS,10003.0,4,-2,40012.0,9985.0,25.0,,,,,10003.0,10.0,,,,,9994.0,18.0,0.0,25.0,10.0,0.42857142857142855,9997.857142857143,9.0,18.0,0.0,buy_aggressor
263500,,,ASH_COATED_OSMIUM,XIRECS,9986.0,3,-2,29958.0,9986.0,14.0,9984.0,26.0,,,10002.0,14.0,10005.0,26.0,,,9994.0,16.0,0.0,40.0,40.0,0.0,9994.0,-8.0,0.0,-16.0,sell_aggressor
269500,,,ASH_COATED_OSMIUM,XIRECS,10002.0,2,-2,20004.0,9984.0,10.0,9981.0,21.0,,,10002.0,21.0,,,,,9993.0,18.0,0.0,31.0,21.0,-0.3548387096774194,9989.806451612903,9.0,18.0,0.0,buy_aggressor
274300,,,ASH_COATED_OSMIUM,XIRECS,9985.0,5,-2,49925.0,9985.0,25.0,,,,,10003.0,14.0,10006.0,25.0,,,9994.0,18.0,0.0,25.0,39.0,0.28205128205128205,9996.538461538461,-9.0,0.0,-18.0,sell_aggressor
281200,,,ASH_COATED_OSMIUM,XIRECS,9983.0,3,-2,29949.0,9983.0,11.0,9980.0,30.0,,,9999.0,11.0,10001.0,30.0,,,9991.0,16.0,0.0,41.0,41.0,0.0,9991.0,-8.0,0.0,-16.0,sell_aggressor
281300,,,ASH_COATED_OSMIUM,XIRECS,9983.0,4,-2,39932.0,9983.0,14.0,9981.0,22.0,,,9999.0,14.0,10002.0,22.0,,,9991.0,16.0,0.0,36.0,36.0,0.0,9991.0,-8.0,0.0,-16.0,sell_aggressor
281600,,,ASH_COATED_OSMIUM,XIRECS,10000.0,5,-2,50000.0,9984.0,10.0,9981.0,28.0,,,10000.0,10.0,10002.0,28.0,,,9992.0,16.0,0.0,38.0,38.0,0.0,9992.0,8.0,16.0,0.0,buy_aggressor
282600,,,ASH_COATED_OSMIUM,XIRECS,10002.0,6,-2,60012.0,9983.0,25.0,,,,,10002.0,11.0,10004.0,25.0,,,9992.5,19.0,0.0,25.0,36.0,0.3888888888888889,9996.194444444445,9.5,19.0,0.0,buy_aggressor
285400,,,ASH_COATED_OSMIUM,XIRECS,9987.0,10,-2,99870.0,9987.0,13.0,,,,,10005.0,20.0,,,,,9996.0,18.0,0.0,13.0,20.0,-0.21212121212121213,9994.09090909091,-9.0,0.0,-18.0,sell_aggressor
288300,,,ASH_COATED_OSMIUM,XIRECS,10001.0,7,-2,70007.0,9985.0,14.0,9982.0,21.0,,,10001.0,14.0,10003.0,21.0,,,9993.0,16.0,0.0,35.0,35.0,0.0,9993.0,8.0,16.0,0.0,buy_aggressor
289400,,,ASH_COATED_OSMIUM,XIRECS,9986.0,6,-2,59916.0,9986.0,12.0,9983.0,23.0,,,10002.0,12.0,10004.0,23.0,,,9994.0,16.0,0.0,35.0,35.0,0.0,9994.0,-8.0,0.0,-16.0,sell_aggressor
291200,,,ASH_COATED_OSMIUM,XIRECS,9986.0,7,-2,69902.0,9986.0,15.0,9984.0,28.0,,,10005.0,28.0,,,,,9995.5,19.0,0.0,43.0,28.0,-0.3023255813953488,9992.627906976744,-9.5,0.0,-19.0,sell_aggressor
292200,,,ASH_COATED_OSMIUM,XIRECS,9986.0,2,-2,19972.0,9986.0,11.0,9983.0,27.0,,,10002.0,11.0,10004.0,27.0,,,9994.0,16.0,0.0,38.0,38.0,0.0,9994.0,-8.0,0.0,-16.0,sell_aggressor
295400,,,ASH_COATED_OSMIUM,XIRECS,10001.0,6,-2,60006.0,9991.0,2.0,9985.0,12.0,,,10001.0,12.0,10004.0,29.0,,,9996.0,10.0,0.0,14.0,41.0,-0.7142857142857143,9992.42857142857,5.0,10.0,0.0,buy_aggressor
297600,,,ASH_COATED_OSMIUM,XIRECS,10003.0,6,-2,60018.0,9987.0,11.0,9985.0,22.0,,,10003.0,11.0,10006.0,22.0,,,9995.0,16.0,0.0,33.0,33.0,0.0,9995.0,8.0,16.0,0.0,buy_aggressor
298600,,,ASH_COATED_OSMIUM,XIRECS,10006.0,2,-2,20012.0,9987.0,12.0,9985.0,28.0,,,10006.0,28.0,,,,,9996.5,19.0,0.0,40.0,28.0,-0.4,9992.7,9.5,19.0,0.0,buy_aggressor
300000,,,ASH_COATED_OSMIUM,XIRECS,10000.0,6,-2,60000.0,9984.0,12.0,9982.0,28.0,,,10000.0,12.0,10003.0,28.0,,,9992.0,16.0,0.0,40.0,40.0,0.0,9992.0,8.0,16.0,0.0,buy_aggressor
300900,,,ASH_COATED_OSMIUM,XIRECS,9982.0,10,-2,99820.0,9982.0,10.0,9980.0,30.0,,,10001.0,30.0,,,,,9991.5,19.0,0.0,40.0,30.0,-0.5,9986.75,-9.5,0.0,-19.0,sell_aggressor
302000,,,ASH_COATED_OSMIUM,XIRECS,9981.0,6,-2,59886.0,9982.0,13.0,9979.0,28.0,,,9998.0,13.0,10000.0,28.0,,,9990.0,16.0,0.0,41.0,41.0,0.0,9990.0,-9.0,-1.0,-17.0,sell_aggressor
303700,,,ASH_COATED_OSMIUM,XIRECS,10000.0,5,-2,50000.0,9984.0,10.0,9981.0,26.0,,,10000.0,10.0,,,,,9992.0,16.0,0.0,36.0,10.0,0.0,9992.0,8.0,16.0,0.0,buy_aggressor
304000,,,ASH_COATED_OSMIUM,XIRECS,10000.0,5,-2,50000.0,9984.0,12.0,,,,,10000.0,12.0,10002.0,23.0,,,9992.0,16.0,0.0,12.0,35.0,0.0,9992.0,8.0,16.0,0.0,buy_aggressor
306100,,,ASH_COATED_OSMIUM,XIRECS,9985.0,9,-2,89865.0,9985.0,11.0,9982.0,23.0,,,10001.0,11.0,10003.0,23.0,,,9993.0,16.0,0.0,34.0,34.0,0.0,9993.0,-8.0,0.0,-16.0,sell_aggressor
306400,,,ASH_COATED_OSMIUM,XIRECS,10001.0,7,-2,70007.0,9985.0,10.0,9982.0,30.0,,,10001.0,10.0,10003.0,30.0,,,9993.0,16.0,0.0,40.0,40.0,0.0,9993.0,8.0,16.0,0.0,buy_aggressor
313700,,,ASH_COATED_OSMIUM,XIRECS,10000.0,4,-2,40000.0,9984.0,13.0,9981.0,26.0,,,10000.0,13.0,10002.0,26.0,,,9992.0,16.0,0.0,39.0,39.0,0.0,9992.0,8.0,16.0,0.0,buy_aggressor
314200,,,ASH_COATED_OSMIUM,XIRECS,10000.0,4,-2,40000.0,9984.0,11.0,9982.0,24.0,,,10000.0,11.0,,,,,9992.0,16.0,0.0,35.0,11.0,0.0,9992.0,8.0,16.0,0.0,buy_aggressor
315300,,,ASH_COATED_OSMIUM,XIRECS,10000.0,6,-2,60000.0,9984.0,15.0,,,,,10000.0,15.0,,,,,9992.0,16.0,0.0,15.0,15.0,0.0,9992.0,8.0,16.0,0.0,buy_aggressor
316200,,,ASH_COATED_OSMIUM,XIRECS,9985.0,3,-2,29955.0,9985.0,11.0,9982.0,20.0,,,10000.0,11.0,,,,,9992.5,15.0,0.0,31.0,11.0,0.0,9992.5,-7.5,0.0,-15.0,sell_aggressor
318800,,,ASH_COATED_OSMIUM,XIRECS,9986.0,7,-2,69902.0,9986.0,12.0,9983.0,26.0,,,10004.0,26.0,,,,,9995.0,18.0,0.0,38.0,26.0,-0.3684210526315789,9991.684210526315,-9.0,0.0,-18.0,sell_aggressor
321100,,,ASH_COATED_OSMIUM,XIRECS,10002.0,6,-2,60012.0,9986.0,14.0,9984.0,25.0,,,10002.0,14.0,10005.0,25.0,,,9994.0,16.0,0.0,39.0,39.0,0.0,9994.0,8.0,16.0,0.0,buy_aggressor
324600,,,ASH_COATED_OSMIUM,XIRECS,10002.0,6,-2,60012.0,9984.0,21.0,,,,,10002.0,15.0,10005.0,21.0,,,9993.0,18.0,0.0,21.0,36.0,0.16666666666666666,9994.5,9.0,18.0,0.0,buy_aggressor
330800,,,ASH_COATED_OSMIUM,XIRECS,9982.0,6,-2,59892.0,9982.0,25.0,,,,,10003.0,25.0,,,,,9992.5,21.0,0.0,25.0,25.0,0.0,9992.5,-10.5,0.0,-21.0,sell_aggressor
333400,,,ASH_COATED_OSMIUM,XIRECS,9983.0,10,-2,99830.0,9983.0,11.0,9980.0,27.0,,,9999.0,11.0,10001.0,27.0,,,9991.0,16.0,0.0,38.0,38.0,0.0,9991.0,-8.0,0.0,-16.0,sell_aggressor
333600,,,ASH_COATED_OSMIUM,XIRECS,9999.0,5,-2,49995.0,9980.0,26.0,,,,,9999.0,11.0,10001.0,26.0,,,9989.5,19.0,0.0,26.0,37.0,0.40540540540540543,9993.351351351352,9.5,19.0,0.0,buy_aggressor
346700,,,ASH_COATED_OSMIUM,XIRECS,9979.0,3,-2,29937.0,9979.0,21.0,,,,,9998.0,13.0,,,,,9988.5,19.0,0.0,21.0,13.0,0.23529411764705882,9990.735294117647,-9.5,0.0,-19.0,sell_aggressor
349500,,,ASH_COATED_OSMIUM,XIRECS,9999.0,6,-2,59994.0,9980.0,30.0,,,,,9999.0,11.0,10001.0,30.0,,,9989.5,19.0,0.0,30.0,41.0,0.4634146341463415,9993.90243902439,9.5,19.0,0.0,buy_aggressor
351800,,,ASH_COATED_OSMIUM,XIRECS,10003.0,4,-2,40012.0,9987.0,13.0,9985.0,21.0,,,10003.0,13.0,10006.0,21.0,,,9995.0,16.0,0.0,34.0,34.0,0.0,9995.0,8.0,16.0,0.0,buy_aggressor
354200,,,ASH_COATED_OSMIUM,XIRECS,9986.0,6,-2,59916.0,9986.0,12.0,9984.0,21.0,,,10002.0,12.0,10005.0,21.0,,,9994.0,16.0,0.0,33.0,33.0,0.0,9994.0,-8.0,0.0,-16.0,sell_aggressor
354700,,,ASH_COATED_OSMIUM,XIRECS,10003.0,4,-2,40012.0,9987.0,14.0,9984.0,20.0,,,10003.0,14.0,10005.0,20.0,,,9995.0,16.0,0.0,34.0,34.0,0.0,9995.0,8.0,16.0,0.0,buy_aggressor
355900,,,ASH_COATED_OSMIUM,XIRECS,10006.0,6,-2,60036.0,9988.0,12.0,9985.0,20.0,,,10006.0,20.0,,,,,9997.0,18.0,0.0,32.0,20.0,-0.25,9994.75,9.0,18.0,0.0,buy_aggressor
361700,,,ASH_COATED_OSMIUM,XIRECS,10005.0,2,-2,20010.0,9987.0,28.0,,,,,10005.0,14.0,10008.0,28.0,,,9996.0,18.0,0.0,28.0,42.0,0.3333333333333333,9999.0,9.0,18.0,0.0,buy_aggressor
364000,,,ASH_COATED_OSMIUM,XIRECS,10007.0,9,-2,90063.0,9994.0,2.0,9986.0,28.0,,,10007.0,28.0,,,,,10000.5,13.0,0.0,30.0,28.0,-0.8666666666666667,9994.866666666667,6.5,13.0,0.0,buy_aggressor
367100,,,ASH_COATED_OSMIUM,XIRECS,10007.0,5,-2,50035.0,9991.0,15.0,9988.0,22.0,,,10007.0,15.0,,,,,9999.0,16.0,0.0,37.0,15.0,0.0,9999.0,8.0,16.0,0.0,buy_aggressor
368100,,,ASH_COATED_OSMIUM,XIRECS,10009.0,6,-2,60054.0,9993.0,12.0,9990.0,22.0,,,10009.0,12.0,10011.0,22.0,,,10001.0,16.0,0.0,34.0,34.0,0.0,10001.0,8.0,16.0,0.0,buy_aggressor
370400,,,ASH_COATED_OSMIUM,XIRECS,9993.0,6,-2,59958.0,9993.0,15.0,,,,,10011.0,24.0,,,,,10002.0,18.0,0.0,15.0,24.0,-0.23076923076923078,9999.923076923076,-9.0,0.0,-18.0,sell_aggressor
370700,,,ASH_COATED_OSMIUM,XIRECS,9993.0,8,-2,79944.0,9993.0,11.0,9990.0,26.0,,,10009.0,11.0,10011.0,26.0,,,10001.0,16.0,0.0,37.0,37.0,0.0,10001.0,-8.0,0.0,-16.0,sell_aggressor
372600,,,ASH_COATED_OSMIUM,XIRECS,9990.0,6,-2,59940.0,9990.0,30.0,,,,,10009.0,14.0,10011.0,30.0,,,9999.5,19.0,0.0,30.0,44.0,0.36363636363636365,10002.954545454546,-9.5,0.0,-19.0,sell_aggressor
377800,,,ASH_COATED_OSMIUM,XIRECS,10008.0,7,-2,70056.0,9990.0,30.0,,,,,10008.0,10.0,10011.0,30.0,,,9999.0,18.0,0.0,30.0,40.0,0.5,10003.5,9.0,18.0,0.0,buy_aggressor
379600,,,ASH_COATED_OSMIUM,XIRECS,9994.0,2,-2,19988.0,9994.0,10.0,9991.0,30.0,,,10010.0,10.0,,,,,10002.0,16.0,0.0,40.0,10.0,0.0,10002.0,-8.0,0.0,-16.0,sell_aggressor
385000,,,ASH_COATED_OSMIUM,XIRECS,10005.0,4,-2,40020.0,9995.0,14.0,,,,,10005.0,1.0,10011.0,14.0,10014.0,29.0,10000.0,10.0,0.0,14.0,44.0,0.8666666666666667,10004.333333333334,5.0,10.0,0.0,buy_aggressor
387100,,,ASH_COATED_OSMIUM,XIRECS,10010.0,3,-2,30030.0,9994.0,11.0,9991.0,22.0,,,10010.0,11.0,,,,,10002.0,16.0,0.0,33.0,11.0,0.0,10002.0,8.0,16.0,0.0,buy_aggressor
387100,,,ASH_COATED_OSMIUM,XIRECS,9994.0,5,-2,49970.0,9994.0,11.0,9991.0,22.0,,,10010.0,11.0,,,,,10002.0,16.0,0.0,33.0,11.0,0.0,10002.0,-8.0,0.0,-16.0,sell_aggressor
390000,,,ASH_COATED_OSMIUM,XIRECS,9995.0,5,-2,49975.0,9995.0,11.0,9993.0,23.0,,,10011.0,11.0,10014.0,23.0,,,10003.0,16.0,0.0,34.0,34.0,0.0,10003.0,-8.0,0.0,-16.0,sell_aggressor
391500,,,ASH_COATED_OSMIUM,XIRECS,9992.0,7,-2,69944.0,9992.0,20.0,,,,,10011.0,14.0,10013.0,20.0,,,10001.5,19.0,0.0,20.0,34.0,0.17647058823529413,10003.176470588236,-9.5,0.0,-19.0,sell_aggressor
394100,,,ASH_COATED_OSMIUM,XIRECS,10013.0,7,-2,70091.0,9995.0,25.0,,,,,10013.0,11.0,10016.0,25.0,,,10004.0,18.0,0.0,25.0,36.0,0.3888888888888889,10007.5,9.0,18.0,0.0,buy_aggressor
395900,,,ASH_COATED_OSMIUM,XIRECS,9996.0,3,-2,29988.0,9996.0,13.0,9993.0,24.0,,,10012.0,13.0,10014.0,24.0,,,10004.0,16.0,0.0,37.0,37.0,0.0,10004.0,-8.0,0.0,-16.0,sell_aggressor
396400,,,ASH_COATED_OSMIUM,XIRECS,9996.0,8,-2,79968.0,9996.0,14.0,,,,,10012.0,14.0,10015.0,30.0,,,10004.0,16.0,0.0,14.0,44.0,0.0,10004.0,-8.0,0.0,-16.0,sell_aggressor
399900,,,ASH_COATED_OSMIUM,XIRECS,9995.0,9,-2,89955.0,9995.0,11.0,9992.0,25.0,,,10011.0,11.0,10013.0,25.0,,,10003.0,16.0,0.0,36.0,36.0,0.0,10003.0,-8.0,0.0,-16.0,sell_aggressor
401400,,,ASH_COATED_OSMIUM,XIRECS,9995.0,6,-2,59970.0,9995.0,10.0,9992.0,30.0,,,10011.0,10.0,10013.0,30.0,,,10003.0,16.0,0.0,40.0,40.0,0.0,10003.0,-8.0,0.0,-16.0,sell_aggressor
402300,,,ASH_COATED_OSMIUM,XIRECS,10014.0,7,-2,70098.0,9996.0,10.0,9993.0,23.0,,,10014.0,23.0,,,,,10005.0,18.0,0.0,33.0,23.0,-0.3939393939393939,10001.454545454546,9.0,18.0,0.0,buy_aggressor
403200,,,ASH_COATED_OSMIUM,XIRECS,9999.0,5,-2,49995.0,9999.0,5.0,9994.0,12.0,9991.0,30.0,10010.0,12.0,10012.0,30.0,,,10004.5,11.0,0.0,47.0,42.0,-0.4117647058823529,10002.235294117647,-5.5,0.0,-11.0,sell_aggressor
404200,,,ASH_COATED_OSMIUM,XIRECS,10010.0,6,-2,60060.0,10000.0,4.0,,,,,10010.0,13.0,,,,,10005.0,10.0,0.0,4.0,13.0,-0.5294117647058824,10002.35294117647,5.0,10.0,0.0,buy_aggressor
412200,,,ASH_COATED_OSMIUM,XIRECS,9997.0,2,-2,19994.0,9997.0,15.0,9995.0,27.0,,,10013.0,15.0,10016.0,27.0,,,10005.0,16.0,0.0,42.0,42.0,0.0,10005.0,-8.0,0.0,-16.0,sell_aggressor
414900,,,ASH_COATED_OSMIUM,XIRECS,9998.0,8,-2,79984.0,9998.0,12.0,,,,,10014.0,12.0,10016.0,30.0,,,10006.0,16.0,0.0,12.0,42.0,0.0,10006.0,-8.0,0.0,-16.0,sell_aggressor
416800,,,ASH_COATED_OSMIUM,XIRECS,10018.0,9,-2,90162.0,10000.0,11.0,9997.0,20.0,,,10018.0,20.0,,,,,10009.0,18.0,0.0,31.0,20.0,-0.2903225806451613,10006.387096774193,9.0,18.0,0.0,buy_aggressor
417000,,,ASH_COATED_OSMIUM,XIRECS,10000.0,6,-2,60000.0,10000.0,13.0,9997.0,26.0,,,10009.0,5.0,10016.0,13.0,10018.0,26.0,10004.5,9.0,0.0,39.0,44.0,0.4444444444444444,10006.5,-4.5,0.0,-9.0,sell_aggressor
418000,,,ASH_COATED_OSMIUM,XIRECS,10018.0,6,-2,60108.0,9999.0,13.0,9997.0,25.0,,,10018.0,25.0,,,,,10008.5,19.0,0.0,38.0,25.0,-0.3157894736842105,10005.5,9.5,19.0,0.0,buy_aggressor
436300,,,ASH_COATED_OSMIUM,XIRECS,9999.0,3,-2,29997.0,9999.0,12.0,9996.0,25.0,,,10015.0,12.0,10017.0,25.0,,,10007.0,16.0,0.0,37.0,37.0,0.0,10007.0,-8.0,0.0,-16.0,sell_aggressor
438600,,,ASH_COATED_OSMIUM,XIRECS,9995.0,6,-2,59970.0,9995.0,15.0,9993.0,25.0,,,10011.0,15.0,10014.0,25.0,,,10003.0,16.0,0.0,40.0,40.0,0.0,10003.0,-8.0,0.0,-16.0,sell_aggressor
439300,,,ASH_COATED_OSMIUM,XIRECS,9992.0,10,-2,99920.0,9992.0,27.0,,,,,10011.0,10.0,10013.0,27.0,,,10001.5,19.0,0.0,27.0,37.0,0.4594594594594595,10005.864864864865,-9.5,0.0,-19.0,sell_aggressor
441100,,,ASH_COATED_OSMIUM,XIRECS,9994.0,7,-2,69958.0,9994.0,14.0,9992.0,29.0,,,10010.0,14.0,,,,,10002.0,16.0,0.0,43.0,14.0,0.0,10002.0,-8.0,0.0,-16.0,sell_aggressor
444100,,,ASH_COATED_OSMIUM,XIRECS,10008.0,4,-2,40032.0,9992.0,15.0,,,,,10008.0,15.0,10011.0,20.0,,,10000.0,16.0,0.0,15.0,35.0,0.0,10000.0,8.0,16.0,0.0,buy_aggressor
447000,,,ASH_COATED_OSMIUM,XIRECS,10009.0,9,-2,90081.0,9998.0,3.0,9993.0,14.0,9990.0,28.0,10009.0,14.0,,,,,10003.5,11.0,0.0,45.0,14.0,-0.6470588235294118,9999.941176470587,5.5,11.0,0.0,buy_aggressor
449800,,,ASH_COATED_OSMIUM,XIRECS,9989.0,3,-2,29967.0,9989.0,23.0,,,,,10008.0,13.0,,,,,9998.5,19.0,0.0,23.0,13.0,0.2777777777777778,10001.138888888889,-9.5,0.0,-19.0,sell_aggressor
450700,,,ASH_COATED_OSMIUM,XIRECS,10007.0,6,-2,60042.0,9991.0,14.0,9989.0,28.0,,,10007.0,14.0,,,,,9999.0,16.0,0.0,42.0,14.0,0.0,9999.0,8.0,16.0,0.0,buy_aggressor
452000,,,ASH_COATED_OSMIUM,XIRECS,10006.0,2,-2,20012.0,9990.0,15.0,,,,,10006.0,15.0,10009.0,24.0,,,9998.0,16.0,0.0,15.0,39.0,0.0,9998.0,8.0,16.0,0.0,buy_aggressor
453900,,,ASH_COATED_OSMIUM,XIRECS,9992.0,2,-2,19984.0,9992.0,14.0,9989.0,29.0,,,10008.0,14.0,10010.0,29.0,,,10000.0,16.0,0.0,43.0,43.0,0.0,10000.0,-8.0,0.0,-16.0,sell_aggressor
454100,,,ASH_COATED_OSMIUM,XIRECS,10007.0,6,-2,60042.0,9991.0,14.0,9989.0,23.0,,,10007.0,14.0,10010.0,23.0,,,9999.0,16.0,0.0,37.0,37.0,0.0,9999.0,8.0,16.0,0.0,buy_aggressor
454200,,,ASH_COATED_OSMIUM,XIRECS,9997.0,3,-2,29991.0,9997.0,3.0,9991.0,11.0,9989.0,30.0,10007.0,11.0,10010.0,30.0,,,10002.0,10.0,0.0,44.0,41.0,-0.5714285714285714,9999.142857142857,-5.0,0.0,-10.0,sell_aggressor
454800,,,ASH_COATED_OSMIUM,XIRECS,9993.0,4,-2,39972.0,9993.0,12.0,9990.0,26.0,,,10011.0,26.0,,,,,10002.0,18.0,0.0,38.0,26.0,-0.3684210526315789,9998.684210526315,-9.0,0.0,-18.0,sell_aggressor
455100,,,ASH_COATED_OSMIUM,XIRECS,9993.0,7,-2,69951.0,9993.0,13.0,9990.0,28.0,,,10009.0,13.0,,,,,10001.0,16.0,0.0,41.0,13.0,0.0,10001.0,-8.0,0.0,-16.0,sell_aggressor
455800,,,ASH_COATED_OSMIUM,XIRECS,9993.0,5,-2,49965.0,9993.0,10.0,,,,,10009.0,10.0,,,,,10001.0,16.0,0.0,10.0,10.0,0.0,10001.0,-8.0,0.0,-16.0,sell_aggressor
460600,,,ASH_COATED_OSMIUM,XIRECS,10010.0,6,-2,60060.0,9994.0,12.0,9991.0,20.0,,,10010.0,12.0,10012.0,20.0,,,10002.0,16.0,0.0,32.0,32.0,0.0,10002.0,8.0,16.0,0.0,buy_aggressor
462400,,,ASH_COATED_OSMIUM,XIRECS,10010.0,6,-2,60060.0,9994.0,14.0,,,,,10010.0,14.0,,,,,10002.0,16.0,0.0,14.0,14.0,0.0,10002.0,8.0,16.0,0.0,buy_aggressor
463200,,,ASH_COATED_OSMIUM,XIRECS,9993.0,3,-2,29979.0,9993.0,13.0,,,,,10009.0,13.0,10012.0,25.0,,,10001.0,16.0,0.0,13.0,38.0,0.0,10001.0,-8.0,0.0,-16.0,sell_aggressor
469900,,,ASH_COATED_OSMIUM,XIRECS,9992.0,2,-2,19984.0,9992.0,30.0,,,,,10010.0,12.0,,,,,10001.0,18.0,0.0,30.0,12.0,0.42857142857142855,10004.857142857143,-9.0,0.0,-18.0,sell_aggressor
472500,,,ASH_COATED_OSMIUM,XIRECS,9994.0,5,-2,49970.0,9994.0,12.0,9991.0,20.0,,,10010.0,12.0,10012.0,20.0,,,10002.0,16.0,0.0,32.0,32.0,0.0,10002.0,-8.0,0.0,-16.0,sell_aggressor
473000,,,ASH_COATED_OSMIUM,XIRECS,10010.0,5,-2,50050.0,9994.0,12.0,,,,,10010.0,12.0,10012.0,23.0,,,10002.0,16.0,0.0,12.0,35.0,0.0,10002.0,8.0,16.0,0.0,buy_aggressor
475900,,,ASH_COATED_OSMIUM,XIRECS,10009.0,5,-2,50045.0,9991.0,25.0,,,,,10009.0,13.0,,,,,10000.0,18.0,0.0,25.0,13.0,0.3157894736842105,10002.842105263158,9.0,18.0,0.0,buy_aggressor
479000,,,ASH_COATED_OSMIUM,XIRECS,9991.0,2,-2,19982.0,9991.0,24.0,,,,,10012.0,24.0,,,,,10001.5,21.0,0.0,24.0,24.0,0.0,10001.5,-10.5,0.0,-21.0,sell_aggressor
479500,,,ASH_COATED_OSMIUM,XIRECS,10010.0,4,-2,40040.0,9994.0,11.0,9992.0,24.0,,,10010.0,11.0,,,,,10002.0,16.0,0.0,35.0,11.0,0.0,10002.0,8.0,16.0,0.0,buy_aggressor
481100,,,ASH_COATED_OSMIUM,XIRECS,9995.0,3,-2,29985.0,9995.0,14.0,9992.0,22.0,,,10011.0,14.0,10013.0,22.0,,,10003.0,16.0,0.0,36.0,36.0,0.0,10003.0,-8.0,0.0,-16.0,sell_aggressor
481400,,,ASH_COATED_OSMIUM,XIRECS,9994.0,6,-2,59964.0,9994.0,14.0,9991.0,29.0,,,10010.0,14.0,10012.0,29.0,,,10002.0,16.0,0.0,43.0,43.0,0.0,10002.0,-8.0,0.0,-16.0,sell_aggressor
483200,,,ASH_COATED_OSMIUM,XIRECS,10011.0,3,-2,30033.0,9993.0,13.0,9990.0,29.0,,,10011.0,29.0,,,,,10002.0,18.0,0.0,42.0,29.0,-0.38095238095238093,9998.57142857143,9.0,18.0,0.0,buy_aggressor
485200,,,ASH_COATED_OSMIUM,XIRECS,10012.0,4,-2,40048.0,9993.0,14.0,,,,,10012.0,21.0,,,,,10002.5,19.0,0.0,14.0,21.0,-0.2,10000.6,9.5,19.0,0.0,buy_aggressor
486000,,,ASH_COATED_OSMIUM,XIRECS,9992.0,4,-2,39968.0,9992.0,10.0,9989.0,29.0,,,10008.0,10.0,10010.0,29.0,,,10000.0,16.0,0.0,39.0,39.0,0.0,10000.0,-8.0,0.0,-16.0,sell_aggressor
491100,,,ASH_COATED_OSMIUM,XIRECS,10003.0,2,-2,20006.0,9987.0,12.0,9985.0,22.0,,,10003.0,12.0,,,,,9995.0,16.0,0.0,34.0,12.0,0.0,9995.0,8.0,16.0,0.0,buy_aggressor
493600,,,ASH_COATED_OSMIUM,XIRECS,9986.0,3,-2,29958.0,9986.0,13.0,,,,,10004.0,29.0,,,,,9995.0,18.0,0.0,13.0,29.0,-0.38095238095238093,9991.57142857143,-9.0,0.0,-18.0,sell_aggressor
495400,,,ASH_COATED_OSMIUM,XIRECS,10005.0,3,-2,30015.0,9989.0,10.0,9987.0,20.0,,,10005.0,10.0,10008.0,20.0,,,9997.0,16.0,0.0,30.0,30.0,0.0,9997.0,8.0,16.0,0.0,buy_aggressor
496700,,,ASH_COATED_OSMIUM,XIRECS,9988.0,3,-2,29964.0,9988.0,15.0,9985.0,24.0,,,10004.0,15.0,,,,,9996.0,16.0,0.0,39.0,15.0,0.0,9996.0,-8.0,0.0,-16.0,sell_aggressor
498400,,,ASH_COATED_OSMIUM,XIRECS,9985.0,4,-2,39940.0,9985.0,11.0,9983.0,27.0,,,10001.0,11.0,10004.0,27.0,,,9993.0,16.0,0.0,38.0,38.0,0.0,9993.0,-8.0,0.0,-16.0,sell_aggressor
499700,,,ASH_COATED_OSMIUM,XIRECS,10002.0,9,-2,90018.0,9986.0,14.0,9984.0,26.0,,,10002.0,14.0,10005.0,26.0,,,9994.0,16.0,0.0,40.0,40.0,0.0,9994.0,8.0,16.0,0.0,buy_aggressor
503300,,,ASH_COATED_OSMIUM,XIRECS,9983.0,3,-2,29949.0,9983.0,23.0,,,,,10001.0,13.0,,,,,9992.0,18.0,0.0,23.0,13.0,0.2777777777777778,9994.5,-9.0,0.0,-18.0,sell_aggressor
504200,,,ASH_COATED_OSMIUM,XIRECS,9986.0,6,-2,59916.0,9986.0,12.0,9983.0,24.0,,,10002.0,12.0,10004.0,24.0,,,9994.0,16.0,0.0,36.0,36.0,0.0,9994.0,-8.0,0.0,-16.0,sell_aggressor
506600,,,ASH_COATED_OSMIUM,XIRECS,9984.0,7,-2,69888.0,9984.0,26.0,,,,,10002.0,10.0,,,,,9993.0,18.0,0.0,26.0,10.0,0.4444444444444444,9997.0,-9.0,0.0,-18.0,sell_aggressor
512400,,,ASH_COATED_OSMIUM,XIRECS,10000.0,7,-2,70000.0,9984.0,13.0,9981.0,22.0,,,10000.0,13.0,,,,,9992.0,16.0,0.0,35.0,13.0,0.0,9992.0,8.0,16.0,0.0,buy_aggressor
515100,,,ASH_COATED_OSMIUM,XIRECS,9984.0,6,-2,59904.0,9984.0,14.0,9981.0,29.0,,,10000.0,14.0,10002.0,29.0,,,9992.0,16.0,0.0,43.0,43.0,0.0,9992.0,-8.0,0.0,-16.0,sell_aggressor
515800,,,ASH_COATED_OSMIUM,XIRECS,9982.0,6,-2,59892.0,9982.0,12.0,9979.0,30.0,,,9998.0,12.0,10000.0,30.0,,,9990.0,16.0,0.0,42.0,42.0,0.0,9990.0,-8.0,0.0,-16.0,sell_aggressor
516500,,,ASH_COATED_OSMIUM,XIRECS,9997.0,3,-2,29991.0,9981.0,15.0,9979.0,21.0,,,9997.0,15.0,10000.0,21.0,,,9989.0,16.0,0.0,36.0,36.0,0.0,9989.0,8.0,16.0,0.0,buy_aggressor
517000,,,ASH_COATED_OSMIUM,XIRECS,9998.0,4,-2,39992.0,9982.0,14.0,9980.0,23.0,,,9998.0,14.0,10001.0,23.0,,,9990.0,16.0,0.0,37.0,37.0,0.0,9990.0,8.0,16.0,0.0,buy_aggressor
524900,,,ASH_COATED_OSMIUM,XIRECS,9986.0,3,-2,29958.0,9986.0,11.0,9983.0,21.0,,,9995.0,4.0,10002.0,11.0,10004.0,21.0,9990.5,9.0,0.0,32.0,36.0,0.4666666666666667,9992.6,-4.5,0.0,-9.0,sell_aggressor
525600,,,ASH_COATED_OSMIUM,XIRECS,9986.0,8,-2,79888.0,9986.0,13.0,9983.0,25.0,,,10002.0,13.0,,,,,9994.0,16.0,0.0,38.0,13.0,0.0,9994.0,-8.0,0.0,-16.0,sell_aggressor
526400,,,ASH_COATED_OSMIUM,XIRECS,10006.0,4,-2,40024.0,9987.0,12.0,,,,,10006.0,28.0,,,,,9996.5,19.0,0.0,12.0,28.0,-0.4,9992.7,9.5,19.0,0.0,buy_aggressor
526900,,,ASH_COATED_OSMIUM,XIRECS,9986.0,6,-2,59916.0,9986.0,10.0,9983.0,30.0,,,10002.0,10.0,10004.0,30.0,,,9994.0,16.0,0.0,40.0,40.0,0.0,9994.0,-8.0,0.0,-16.0,sell_aggressor
528200,,,ASH_COATED_OSMIUM,XIRECS,9986.0,4,-2,39944.0,9986.0,10.0,9983.0,26.0,,,10004.0,26.0,,,,,9995.0,18.0,0.0,36.0,26.0,-0.4444444444444444,9991.0,-9.0,0.0,-18.0,sell_aggressor
528400,,,ASH_COATED_OSMIUM,XIRECS,10002.0,6,-2,60012.0,9986.0,13.0,9984.0,21.0,,,10002.0,13.0,10005.0,21.0,,,9994.0,16.0,0.0,34.0,34.0,0.0,9994.0,8.0,16.0,0.0,buy_aggressor
529500,,,ASH_COATED_OSMIUM,XIRECS,9987.0,9,-2,89883.0,9987.0,10.0,9985.0,23.0,,,10003.0,10.0,10006.0,23.0,,,9995.0,16.0,0.0,33.0,33.0,0.0,9995.0,-8.0,0.0,-16.0,sell_aggressor
530500,,,ASH_COATED_OSMIUM,XIRECS,10003.0,4,-2,40012.0,9987.0,11.0,9984.0,25.0,,,10003.0,11.0,10005.0,25.0,,,9995.0,16.0,0.0,36.0,36.0,0.0,9995.0,8.0,16.0,0.0,buy_aggressor
531300,,,ASH_COATED_OSMIUM,XIRECS,9987.0,6,-2,59922.0,9987.0,10.0,9984.0,28.0,,,9996.0,2.0,10003.0,10.0,,,9991.5,9.0,0.0,38.0,12.0,0.6666666666666666,9994.5,-4.5,0.0,-9.0,sell_aggressor
532800,,,ASH_COATED_OSMIUM,XIRECS,9992.0,2,-2,19984.0,9992.0,2.0,9986.0,15.0,9984.0,26.0,10002.0,15.0,,,,,9997.0,10.0,0.0,43.0,15.0,-0.7647058823529411,9993.176470588236,-5.0,0.0,-10.0,sell_aggressor
532900,,,ASH_COATED_OSMIUM,XIRECS,10002.0,4,-2,40008.0,9986.0,10.0,9984.0,27.0,,,10002.0,10.0,10005.0,27.0,,,9994.0,16.0,0.0,37.0,37.0,0.0,9994.0,8.0,16.0,0.0,buy_aggressor
534200,,,ASH_COATED_OSMIUM,XIRECS,9986.0,6,-2,59916.0,9986.0,15.0,9984.0,25.0,,,10002.0,15.0,,,,,9994.0,16.0,0.0,40.0,15.0,0.0,9994.0,-8.0,0.0,-16.0,sell_aggressor
537900,,,ASH_COATED_OSMIUM,XIRECS,9985.0,10,-2,99850.0,9985.0,11.0,9983.0,20.0,,,10001.0,11.0,10004.0,20.0,,,9993.0,16.0,0.0,31.0,31.0,0.0,9993.0,-8.0,0.0,-16.0,sell_aggressor
539300,,,ASH_COATED_OSMIUM,XIRECS,10003.0,8,-2,80024.0,9985.0,12.0,9982.0,29.0,,,10003.0,29.0,,,,,9994.0,18.0,0.0,41.0,29.0,-0.4146341463414634,9990.268292682927,9.0,18.0,0.0,buy_aggressor
543700,,,ASH_COATED_OSMIUM,XIRECS,9984.0,6,-2,59904.0,9984.0,15.0,9981.0,24.0,,,10000.0,15.0,10002.0,24.0,,,9992.0,16.0,0.0,39.0,39.0,0.0,9992.0,-8.0,0.0,-16.0,sell_aggressor
543700,,,ASH_COATED_OSMIUM,XIRECS,9984.0,6,-2,59904.0,9984.0,15.0,9981.0,24.0,,,10000.0,15.0,10002.0,24.0,,,9992.0,16.0,0.0,39.0,39.0,0.0,9992.0,-8.0,0.0,-16.0,sell_aggressor
543900,,,ASH_COATED_OSMIUM,XIRECS,9984.0,2,-2,19968.0,9984.0,15.0,,,,,10000.0,15.0,10003.0,26.0,,,9992.0,16.0,0.0,15.0,41.0,0.0,9992.0,-8.0,0.0,-16.0,sell_aggressor
545500,,,ASH_COATED_OSMIUM,XIRECS,9992.0,3,-2,29976.0,9992.0,8.0,9983.0,15.0,9980.0,29.0,9999.0,15.0,,,,,9995.5,7.0,0.0,52.0,15.0,-0.30434782608695654,9994.434782608696,-3.5,0.0,-7.0,sell_aggressor
546300,,,ASH_COATED_OSMIUM,XIRECS,10001.0,3,-2,30003.0,9982.0,12.0,,,,,10001.0,29.0,,,,,9991.5,19.0,0.0,12.0,29.0,-0.4146341463414634,9987.560975609756,9.5,19.0,0.0,buy_aggressor
547500,,,ASH_COATED_OSMIUM,XIRECS,9982.0,8,-2,79856.0,9982.0,12.0,9980.0,30.0,,,9998.0,12.0,10001.0,30.0,,,9990.0,16.0,0.0,42.0,42.0,0.0,9990.0,-8.0,0.0,-16.0,sell_aggressor
548400,,,ASH_COATED_OSMIUM,XIRECS,9979.0,9,-2,89811.0,9979.0,25.0,,,,,10000.0,25.0,,,,,9989.5,21.0,0.0,25.0,25.0,0.0,9989.5,-10.5,0.0,-21.0,sell_aggressor
549600,,,ASH_COATED_OSMIUM,XIRECS,9998.0,5,-2,49990.0,9982.0,10.0,9980.0,21.0,,,9998.0,10.0,,,,,9990.0,16.0,0.0,31.0,10.0,0.0,9990.0,8.0,16.0,0.0,buy_aggressor
551300,,,ASH_COATED_OSMIUM,XIRECS,9984.0,5,-2,49920.0,9984.0,15.0,,,,,10000.0,15.0,10003.0,20.0,,,9992.0,16.0,0.0,15.0,35.0,0.0,9992.0,-8.0,0.0,-16.0,sell_aggressor
554800,,,ASH_COATED_OSMIUM,XIRECS,9998.0,2,-2,19996.0,9982.0,13.0,9980.0,20.0,,,9998.0,13.0,,,,,9990.0,16.0,0.0,33.0,13.0,0.0,9990.0,8.0,16.0,0.0,buy_aggressor
556700,,,ASH_COATED_OSMIUM,XIRECS,9984.0,6,-2,59904.0,9984.0,10.0,,,,,10000.0,10.0,,,,,9992.0,16.0,0.0,10.0,10.0,0.0,9992.0,-8.0,0.0,-16.0,sell_aggressor
557600,,,ASH_COATED_OSMIUM,XIRECS,9999.0,4,-2,39996.0,9983.0,11.0,9980.0,25.0,,,9999.0,11.0,10001.0,25.0,,,9991.0,16.0,0.0,36.0,36.0,0.0,9991.0,8.0,16.0,0.0,buy_aggressor
565000,,,ASH_COATED_OSMIUM,XIRECS,9999.0,4,-2,39996.0,9983.0,14.0,9980.0,22.0,,,9999.0,14.0,10001.0,22.0,,,9991.0,16.0,0.0,36.0,36.0,0.0,9991.0,8.0,16.0,0.0,buy_aggressor
566200,,,ASH_COATED_OSMIUM,XIRECS,9983.0,10,-2,99830.0,9983.0,12.0,9980.0,26.0,,,9999.0,12.0,10001.0,26.0,,,9991.0,16.0,0.0,38.0,38.0,0.0,9991.0,-8.0,0.0,-16.0,sell_aggressor
567300,,,ASH_COATED_OSMIUM,XIRECS,10001.0,8,-2,80008.0,9982.0,10.0,9980.0,20.0,,,10001.0,20.0,,,,,9991.5,19.0,0.0,30.0,20.0,-0.3333333333333333,9988.333333333334,9.5,19.0,0.0,buy_aggressor
571800,,,ASH_COATED_OSMIUM,XIRECS,9986.0,3,-2,29958.0,9986.0,12.0,9984.0,23.0,,,10002.0,12.0,10005.0,23.0,,,9994.0,16.0,0.0,35.0,35.0,0.0,9994.0,-8.0,0.0,-16.0,sell_aggressor
573700,,,ASH_COATED_OSMIUM,XIRECS,9988.0,10,-2,99880.0,9988.0,10.0,,,,,10004.0,10.0,10006.0,20.0,,,9996.0,16.0,0.0,10.0,30.0,0.0,9996.0,-8.0,0.0,-16.0,sell_aggressor
573900,,,ASH_COATED_OSMIUM,XIRECS,10007.0,5,-2,50035.0,9988.0,10.0,9986.0,25.0,,,10007.0,25.0,,,,,9997.5,19.0,0.0,35.0,25.0,-0.42857142857142855,9993.42857142857,9.5,19.0,0.0,buy_aggressor
574500,,,ASH_COATED_OSMIUM,XIRECS,10007.0,6,-2,60042.0,9989.0,14.0,9986.0,26.0,,,10007.0,26.0,,,,,9998.0,18.0,0.0,40.0,26.0,-0.3,9995.3,9.0,18.0,0.0,buy_aggressor
578700,,,ASH_COATED_OSMIUM,XIRECS,9993.0,4,-2,39972.0,9993.0,13.0,9990.0,25.0,,,10009.0,13.0,10011.0,25.0,,,10001.0,16.0,0.0,38.0,38.0,0.0,10001.0,-8.0,0.0,-16.0,sell_aggressor
583300,,,ASH_COATED_OSMIUM,XIRECS,9987.0,6,-2,59922.0,9987.0,10.0,,,,,10003.0,10.0,10005.0,23.0,,,9995.0,16.0,0.0,10.0,33.0,0.0,9995.0,-8.0,0.0,-16.0,sell_aggressor
587000,,,ASH_COATED_OSMIUM,XIRECS,9999.0,6,-2,59994.0,9983.0,12.0,9981.0,25.0,,,9999.0,12.0,10002.0,25.0,,,9991.0,16.0,0.0,37.0,37.0,0.0,9991.0,8.0,16.0,0.0,buy_aggressor
599500,,,ASH_COATED_OSMIUM,XIRECS,9996.0,3,-2,29988.0,9986.0,14.0,9984.0,29.0,,,9996.0,3.0,10002.0,14.0,10005.0,29.0,9991.0,10.0,0.0,43.0,46.0,0.6470588235294118,9994.235294117647,5.0,10.0,0.0,buy_aggressor
606100,,,ASH_COATED_OSMIUM,XIRECS,9983.0,4,-2,39932.0,9983.0,28.0,,,,,10002.0,13.0,10004.0,28.0,,,9992.5,19.0,0.0,28.0,41.0,0.36585365853658536,9995.975609756097,-9.5,0.0,-19.0,sell_aggressor
609300,,,ASH_COATED_OSMIUM,XIRECS,9983.0,6,-2,59898.0,9983.0,27.0,,,,,10001.0,12.0,10004.0,27.0,,,9992.0,18.0,0.0,27.0,39.0,0.38461538461538464,9995.461538461539,-9.0,0.0,-18.0,sell_aggressor
610500,,,ASH_COATED_OSMIUM,XIRECS,9996.0,4,-2,39984.0,9986.0,14.0,9984.0,22.0,,,9996.0,1.0,10005.0,22.0,,,9991.0,10.0,0.0,36.0,23.0,0.8666666666666667,9995.333333333334,5.0,10.0,0.0,buy_aggressor
611500,,,ASH_COATED_OSMIUM,XIRECS,9986.0,8,-2,79888.0,9986.0,11.0,9984.0,20.0,,,10002.0,11.0,10005.0,20.0,,,9994.0,16.0,0.0,31.0,31.0,0.0,9994.0,-8.0,0.0,-16.0,sell_aggressor
612200,,,ASH_COATED_OSMIUM,XIRECS,10004.0,3,-2,30012.0,9991.0,4.0,9985.0,10.0,9983.0,23.0,10004.0,23.0,,,,,9997.5,13.0,0.0,37.0,23.0,-0.7037037037037037,9992.925925925925,6.5,13.0,0.0,buy_aggressor
623800,,,ASH_COATED_OSMIUM,XIRECS,10003.0,5,-2,50015.0,9987.0,14.0,9985.0,30.0,,,10003.0,14.0,10006.0,30.0,,,9995.0,16.0,0.0,44.0,44.0,0.0,9995.0,8.0,16.0,0.0,buy_aggressor
624100,,,ASH_COATED_OSMIUM,XIRECS,9987.0,4,-2,39948.0,9987.0,12.0,,,,,10003.0,12.0,10005.0,20.0,,,9995.0,16.0,0.0,12.0,32.0,0.0,9995.0,-8.0,0.0,-16.0,sell_aggressor
624700,,,ASH_COATED_OSMIUM,XIRECS,10004.0,4,-2,40016.0,9988.0,12.0,9985.0,28.0,,,10004.0,12.0,10006.0,28.0,,,9996.0,16.0,0.0,40.0,40.0,0.0,9996.0,8.0,16.0,0.0,buy_aggressor
635000,,,ASH_COATED_OSMIUM,XIRECS,10007.0,9,-2,90063.0,9988.0,21.0,,,,,10007.0,10.0,,,,,9997.5,19.0,0.0,21.0,10.0,0.3548387096774194,10000.870967741936,9.5,19.0,0.0,buy_aggressor
637400,,,ASH_COATED_OSMIUM,XIRECS,9989.0,2,-2,19978.0,9989.0,11.0,9987.0,25.0,,,10008.0,25.0,,,,,9998.5,19.0,0.0,36.0,25.0,-0.3888888888888889,9994.805555555555,-9.5,0.0,-19.0,sell_aggressor
638000,,,ASH_COATED_OSMIUM,XIRECS,9987.0,8,-2,79896.0,9987.0,21.0,,,,,10005.0,10.0,10008.0,21.0,,,9996.0,18.0,0.0,21.0,31.0,0.3548387096774194,9999.193548387097,-9.0,0.0,-18.0,sell_aggressor
642800,,,ASH_COATED_OSMIUM,XIRECS,9988.0,6,-2,59928.0,9988.0,10.0,9986.0,23.0,,,10004.0,10.0,10007.0,23.0,,,9996.0,16.0,0.0,33.0,33.0,0.0,9996.0,-8.0,0.0,-16.0,sell_aggressor
644300,,,ASH_COATED_OSMIUM,XIRECS,10004.0,2,-2,20008.0,9988.0,11.0,,,,,10004.0,11.0,10007.0,28.0,,,9996.0,16.0,0.0,11.0,39.0,0.0,9996.0,8.0,16.0,0.0,buy_aggressor
645800,,,ASH_COATED_OSMIUM,XIRECS,10005.0,10,-2,100050.0,9989.0,10.0,9986.0,29.0,,,9994.0,8.0,10005.0,10.0,10007.0,29.0,9991.5,5.0,0.0,39.0,47.0,0.1111111111111111,9991.777777777777,13.5,16.0,11.0,buy_aggressor
648100,,,ASH_COATED_OSMIUM,XIRECS,10006.0,3,-2,30018.0,9985.0,28.0,,,,,10006.0,28.0,,,,,9995.5,21.0,0.0,28.0,28.0,0.0,9995.5,10.5,21.0,0.0,buy_aggressor
648300,,,ASH_COATED_OSMIUM,XIRECS,9988.0,10,-2,99880.0,9988.0,11.0,9986.0,30.0,,,10004.0,11.0,10007.0,30.0,,,9996.0,16.0,0.0,41.0,41.0,0.0,9996.0,-8.0,0.0,-16.0,sell_aggressor
648800,,,ASH_COATED_OSMIUM,XIRECS,10005.0,5,-2,50025.0,9989.0,15.0,9986.0,27.0,,,10005.0,15.0,10007.0,27.0,,,9997.0,16.0,0.0,42.0,42.0,0.0,9997.0,8.0,16.0,0.0,buy_aggressor
649200,,,ASH_COATED_OSMIUM,XIRECS,10005.0,4,-2,40020.0,9989.0,14.0,9987.0,28.0,,,10005.0,14.0,10008.0,28.0,,,9997.0,16.0,0.0,42.0,42.0,0.0,9997.0,8.0,16.0,0.0,buy_aggressor
653100,,,ASH_COATED_OSMIUM,XIRECS,10004.0,4,-2,40016.0,9988.0,11.0,9985.0,27.0,,,10004.0,11.0,10006.0,27.0,,,9996.0,16.0,0.0,38.0,38.0,0.0,9996.0,8.0,16.0,0.0,buy_aggressor
656500,,,ASH_COATED_OSMIUM,XIRECS,9990.0,9,-2,89910.0,9990.0,12.0,,,,,10006.0,12.0,10008.0,28.0,,,9998.0,16.0,0.0,12.0,40.0,0.0,9998.0,-8.0,0.0,-16.0,sell_aggressor
657300,,,ASH_COATED_OSMIUM,XIRECS,9996.0,3,-2,29988.0,9996.0,3.0,9988.0,29.0,,,10006.0,10.0,10009.0,29.0,,,10001.0,10.0,0.0,32.0,39.0,-0.5384615384615384,9998.307692307691,-5.0,0.0,-10.0,sell_aggressor
658600,,,ASH_COATED_OSMIUM,XIRECS,10006.0,2,-2,20012.0,9990.0,14.0,,,,,10006.0,14.0,10008.0,25.0,,,9998.0,16.0,0.0,14.0,39.0,0.0,9998.0,8.0,16.0,0.0,buy_aggressor
659500,,,ASH_COATED_OSMIUM,XIRECS,9988.0,6,-2,59928.0,9988.0,25.0,,,,,10007.0,12.0,10009.0,25.0,,,9997.5,19.0,0.0,25.0,37.0,0.35135135135135137,10000.837837837838,-9.5,0.0,-19.0,sell_aggressor
659700,,,ASH_COATED_OSMIUM,XIRECS,10007.0,5,-2,50035.0,9991.0,12.0,9988.0,30.0,,,10007.0,12.0,10009.0,30.0,,,9999.0,16.0,0.0,42.0,42.0,0.0,9999.0,8.0,16.0,0.0,buy_aggressor
660600,,,ASH_COATED_OSMIUM,XIRECS,10006.0,2,-2,20012.0,9990.0,15.0,9988.0,23.0,,,10006.0,15.0,,,,,9998.0,16.0,0.0,38.0,15.0,0.0,9998.0,8.0,16.0,0.0,buy_aggressor
662300,,,ASH_COATED_OSMIUM,XIRECS,10005.0,3,-2,30015.0,9989.0,15.0,9987.0,25.0,,,10005.0,15.0,,,,,9997.0,16.0,0.0,40.0,15.0,0.0,9997.0,8.0,16.0,0.0,buy_aggressor
664800,,,ASH_COATED_OSMIUM,XIRECS,9988.0,4,-2,39952.0,9988.0,10.0,,,,,10004.0,10.0,10007.0,22.0,,,9996.0,16.0,0.0,10.0,32.0,0.0,9996.0,-8.0,0.0,-16.0,sell_aggressor
669700,,,ASH_COATED_OSMIUM,XIRECS,10005.0,10,-2,100050.0,9989.0,11.0,9987.0,25.0,,,10005.0,11.0,10008.0,25.0,,,9997.0,16.0,0.0,36.0,36.0,0.0,9997.0,8.0,16.0,0.0,buy_aggressor
671900,,,ASH_COATED_OSMIUM,XIRECS,9984.0,3,-2,29952.0,9984.0,20.0,,,,,10003.0,10.0,10005.0,20.0,,,9993.5,19.0,0.0,20.0,30.0,0.3333333333333333,9996.666666666666,-9.5,0.0,-19.0,sell_aggressor
674700,,,ASH_COATED_OSMIUM,XIRECS,10003.0,5,-2,50015.0,9987.0,11.0,,,,,10003.0,11.0,10006.0,27.0,,,9995.0,16.0,0.0,11.0,38.0,0.0,9995.0,8.0,16.0,0.0,buy_aggressor
679200,,,ASH_COATED_OSMIUM,XIRECS,9985.0,7,-2,69895.0,9985.0,23.0,,,,,9997.0,3.0,10004.0,10.0,10006.0,23.0,9991.0,12.0,0.0,23.0,36.0,0.7692307692307693,9995.615384615385,-6.0,0.0,-12.0,sell_aggressor
680000,,,ASH_COATED_OSMIUM,XIRECS,10004.0,6,-2,60024.0,9986.0,22.0,,,,,10004.0,14.0,10007.0,22.0,,,9995.0,18.0,0.0,22.0,36.0,0.2222222222222222,9997.0,9.0,18.0,0.0,buy_aggressor
687000,,,ASH_COATED_OSMIUM,XIRECS,10005.0,8,-2,80040.0,9989.0,10.0,,,,,10005.0,10.0,10008.0,25.0,,,9997.0,16.0,0.0,10.0,35.0,0.0,9997.0,8.0,16.0,0.0,buy_aggressor
687900,,,ASH_COATED_OSMIUM,XIRECS,9990.0,4,-2,39960.0,9990.0,13.0,9987.0,23.0,,,10006.0,13.0,10008.0,23.0,,,9998.0,16.0,0.0,36.0,36.0,0.0,9998.0,-8.0,0.0,-16.0,sell_aggressor
694200,,,ASH_COATED_OSMIUM,XIRECS,9992.0,3,-2,29976.0,9992.0,14.0,,,,,10008.0,14.0,10010.0,26.0,,,10000.0,16.0,0.0,14.0,40.0,0.0,10000.0,-8.0,0.0,-16.0,sell_aggressor
698100,,,ASH_COATED_OSMIUM,XIRECS,9991.0,2,-2,19982.0,9991.0,14.0,9989.0,29.0,,,10007.0,14.0,10010.0,29.0,,,9999.0,16.0,0.0,43.0,43.0,0.0,9999.0,-8.0,0.0,-16.0,sell_aggressor
699900,,,ASH_COATED_OSMIUM,XIRECS,9991.0,9,-2,89919.0,9991.0,10.0,,,,,10010.0,23.0,,,,,10000.5,19.0,0.0,10.0,23.0,-0.3939393939393939,9996.757575757576,-9.5,0.0,-19.0,sell_aggressor
700600,,,ASH_COATED_OSMIUM,XIRECS,9991.0,3,-2,29973.0,9991.0,10.0,9988.0,22.0,,,10007.0,10.0,10009.0,22.0,,,9999.0,16.0,0.0,32.0,32.0,0.0,9999.0,-8.0,0.0,-16.0,sell_aggressor
706600,,,ASH_COATED_OSMIUM,XIRECS,10011.0,9,-2,90099.0,9992.0,14.0,9990.0,27.0,,,10011.0,27.0,,,,,10001.5,19.0,0.0,41.0,27.0,-0.3170731707317073,9998.487804878048,9.5,19.0,0.0,buy_aggressor
710100,,,ASH_COATED_OSMIUM,XIRECS,9992.0,3,-2,29976.0,9992.0,12.0,,,,,10008.0,12.0,10011.0,25.0,,,10000.0,16.0,0.0,12.0,37.0,0.0,10000.0,-8.0,0.0,-16.0,sell_aggressor
710500,,,ASH_COATED_OSMIUM,XIRECS,10008.0,6,-2,60048.0,9992.0,11.0,9989.0,21.0,,,10008.0,11.0,,,,,10000.0,16.0,0.0,32.0,11.0,0.0,10000.0,8.0,16.0,0.0,buy_aggressor
712400,,,ASH_COATED_OSMIUM,XIRECS,9991.0,5,-2,49955.0,9991.0,10.0,,,,,10007.0,10.0,10010.0,20.0,,,9999.0,16.0,0.0,10.0,30.0,0.0,9999.0,-8.0,0.0,-16.0,sell_aggressor
713700,,,ASH_COATED_OSMIUM,XIRECS,9990.0,4,-2,39960.0,9990.0,11.0,9987.0,30.0,,,10006.0,11.0,10008.0,30.0,,,9998.0,16.0,0.0,41.0,41.0,0.0,9998.0,-8.0,0.0,-16.0,sell_aggressor
714000,,,ASH_COATED_OSMIUM,XIRECS,10004.0,7,-2,70028.0,9988.0,13.0,9986.0,28.0,,,10004.0,13.0,10007.0,28.0,,,9996.0,16.0,0.0,41.0,41.0,0.0,9996.0,8.0,16.0,0.0,buy_aggressor
715000,,,ASH_COATED_OSMIUM,XIRECS,9989.0,5,-2,49945.0,9989.0,13.0,9987.0,28.0,,,10005.0,13.0,,,,,9997.0,16.0,0.0,41.0,13.0,0.0,9997.0,-8.0,0.0,-16.0,sell_aggressor
715700,,,ASH_COATED_OSMIUM,XIRECS,9998.0,3,-2,29994.0,9986.0,28.0,,,,,9998.0,3.0,10005.0,10.0,10007.0,28.0,9992.0,12.0,0.0,28.0,41.0,0.8064516129032258,9996.838709677419,6.0,12.0,0.0,buy_aggressor
721600,,,ASH_COATED_OSMIUM,XIRECS,10006.0,5,-2,50030.0,9990.0,12.0,,,,,10006.0,12.0,10008.0,25.0,,,9998.0,16.0,0.0,12.0,37.0,0.0,9998.0,8.0,16.0,0.0,buy_aggressor
722300,,,ASH_COATED_OSMIUM,XIRECS,9990.0,5,-2,49950.0,9990.0,13.0,9987.0,28.0,,,9995.0,8.0,10006.0,13.0,10008.0,28.0,9992.5,5.0,0.0,41.0,49.0,0.23809523809523808,9993.095238095239,-2.5,0.0,-5.0,sell_aggressor
722800,,,ASH_COATED_OSMIUM,XIRECS,10009.0,2,-2,20018.0,9990.0,13.0,9988.0,25.0,,,10009.0,25.0,,,,,9999.5,19.0,0.0,38.0,25.0,-0.3157894736842105,9996.5,9.5,19.0,0.0,buy_aggressor
723600,,,ASH_COATED_OSMIUM,XIRECS,9991.0,6,-2,59946.0,9991.0,13.0,9989.0,23.0,,,10007.0,13.0,10010.0,23.0,,,9999.0,16.0,0.0,36.0,36.0,0.0,9999.0,-8.0,0.0,-16.0,sell_aggressor
729700,,,ASH_COATED_OSMIUM,XIRECS,10008.0,4,-2,40032.0,9990.0,15.0,,,,,10008.0,23.0,,,,,9999.0,18.0,0.0,15.0,23.0,-0.21052631578947367,9997.105263157895,9.0,18.0,0.0,buy_aggressor
731100,,,ASH_COATED_OSMIUM,XIRECS,9988.0,3,-2,29964.0,9988.0,11.0,9986.0,23.0,,,10007.0,23.0,,,,,9997.5,19.0,0.0,34.0,23.0,-0.35294117647058826,9994.14705882353,-9.5,0.0,-19.0,sell_aggressor
735400,,,ASH_COATED_OSMIUM,XIRECS,9989.0,6,-2,59934.0,9989.0,12.0,9986.0,29.0,,,10005.0,12.0,10007.0,29.0,,,9997.0,16.0,0.0,41.0,41.0,0.0,9997.0,-8.0,0.0,-16.0,sell_aggressor
745600,,,ASH_COATED_OSMIUM,XIRECS,10006.0,2,-2,20012.0,9990.0,11.0,9987.0,20.0,,,10006.0,11.0,10008.0,20.0,,,9998.0,16.0,0.0,31.0,31.0,0.0,9998.0,8.0,16.0,0.0,buy_aggressor
750000,,,ASH_COATED_OSMIUM,XIRECS,9988.0,9,-2,89892.0,9988.0,15.0,9985.0,26.0,,,10006.0,26.0,,,,,9997.0,18.0,0.0,41.0,26.0,-0.2682926829268293,9994.585365853658,-9.0,0.0,-18.0,sell_aggressor
752600,,,ASH_COATED_OSMIUM,XIRECS,10003.0,6,-2,60018.0,9987.0,10.0,,,,,10003.0,10.0,,,,,9995.0,16.0,0.0,10.0,10.0,0.0,9995.0,8.0,16.0,0.0,buy_aggressor
752900,,,ASH_COATED_OSMIUM,XIRECS,9988.0,3,-2,29964.0,9988.0,11.0,,,,,10007.0,27.0,,,,,9997.5,19.0,0.0,11.0,27.0,-0.42105263157894735,9993.5,-9.5,0.0,-19.0,sell_aggressor
753100,,,ASH_COATED_OSMIUM,XIRECS,10005.0,7,-2,70035.0,9986.0,24.0,,,,,10005.0,11.0,10007.0,24.0,,,9995.5,19.0,0.0,24.0,35.0,0.37142857142857144,9999.028571428571,9.5,19.0,0.0,buy_aggressor
753400,,,ASH_COATED_OSMIUM,XIRECS,10004.0,2,-2,20008.0,9988.0,12.0,9986.0,29.0,,,10004.0,12.0,10007.0,29.0,,,9996.0,16.0,0.0,41.0,41.0,0.0,9996.0,8.0,16.0,0.0,buy_aggressor
756700,,,ASH_COATED_OSMIUM,XIRECS,10004.0,6,-2,60024.0,9988.0,15.0,9986.0,30.0,,,10004.0,15.0,,,,,9996.0,16.0,0.0,45.0,15.0,0.0,9996.0,8.0,16.0,0.0,buy_aggressor
756700,,,ASH_COATED_OSMIUM,XIRECS,10004.0,7,-2,70028.0,9988.0,15.0,9986.0,30.0,,,10004.0,15.0,,,,,9996.0,16.0,0.0,45.0,15.0,0.0,9996.0,8.0,16.0,0.0,buy_aggressor
759200,,,ASH_COATED_OSMIUM,XIRECS,10005.0,2,-2,20010.0,9989.0,14.0,,,,,10005.0,14.0,10008.0,24.0,,,9997.0,16.0,0.0,14.0,38.0,0.0,9997.0,8.0,16.0,0.0,buy_aggressor
759300,,,ASH_COATED_OSMIUM,XIRECS,9989.0,5,-2,49945.0,9989.0,10.0,9986.0,28.0,,,10005.0,10.0,,,,,9997.0,16.0,0.0,38.0,10.0,0.0,9997.0,-8.0,0.0,-16.0,sell_aggressor
760600,,,ASH_COATED_OSMIUM,XIRECS,10005.0,5,-2,50025.0,9989.0,15.0,9986.0,23.0,,,10005.0,15.0,10007.0,23.0,,,9997.0,16.0,0.0,38.0,38.0,0.0,9997.0,8.0,16.0,0.0,buy_aggressor
762200,,,ASH_COATED_OSMIUM,XIRECS,10005.0,2,-2,20010.0,9986.0,29.0,,,,,10005.0,14.0,,,,,9995.5,19.0,0.0,29.0,14.0,0.3488372093023256,9998.813953488372,9.5,19.0,0.0,buy_aggressor
763400,,,ASH_COATED_OSMIUM,XIRECS,9989.0,2,-2,19978.0,9989.0,14.0,9986.0,22.0,,,10005.0,14.0,10007.0,22.0,,,9997.0,16.0,0.0,36.0,36.0,0.0,9997.0,-8.0,0.0,-16.0,sell_aggressor
764800,,,ASH_COATED_OSMIUM,XIRECS,9988.0,8,-2,79904.0,9988.0,10.0,9986.0,23.0,,,10004.0,10.0,10007.0,23.0,,,9996.0,16.0,0.0,33.0,33.0,0.0,9996.0,-8.0,0.0,-16.0,sell_aggressor
765200,,,ASH_COATED_OSMIUM,XIRECS,10003.0,5,-2,50015.0,9993.0,3.0,9987.0,12.0,9985.0,25.0,10003.0,12.0,10006.0,25.0,,,9998.0,10.0,0.0,40.0,37.0,-0.6,9995.0,5.0,10.0,0.0,buy_aggressor
768500,,,ASH_COATED_OSMIUM,XIRECS,10004.0,9,-2,90036.0,9988.0,15.0,9985.0,29.0,,,10004.0,15.0,10006.0,29.0,,,9996.0,16.0,0.0,44.0,44.0,0.0,9996.0,8.0,16.0,0.0,buy_aggressor
773100,,,ASH_COATED_OSMIUM,XIRECS,10005.0,6,-2,60030.0,9989.0,12.0,9987.0,21.0,,,10005.0,12.0,10008.0,21.0,,,9997.0,16.0,0.0,33.0,33.0,0.0,9997.0,8.0,16.0,0.0,buy_aggressor
774200,,,ASH_COATED_OSMIUM,XIRECS,9990.0,4,-2,39960.0,9990.0,14.0,9987.0,22.0,,,10006.0,14.0,10008.0,22.0,,,9998.0,16.0,0.0,36.0,36.0,0.0,9998.0,-8.0,0.0,-16.0,sell_aggressor
775300,,,ASH_COATED_OSMIUM,XIRECS,10005.0,5,-2,50025.0,9989.0,11.0,9987.0,21.0,,,10005.0,11.0,10008.0,21.0,,,9997.0,16.0,0.0,32.0,32.0,0.0,9997.0,8.0,16.0,0.0,buy_aggressor
776400,,,ASH_COATED_OSMIUM,XIRECS,9990.0,2,-2,19980.0,9990.0,12.0,9987.0,29.0,,,10006.0,12.0,10008.0,29.0,,,9998.0,16.0,0.0,41.0,41.0,0.0,9998.0,-8.0,0.0,-16.0,sell_aggressor
776700,,,ASH_COATED_OSMIUM,XIRECS,9989.0,6,-2,59934.0,9989.0,10.0,,,,,10005.0,10.0,,,,,9997.0,16.0,0.0,10.0,10.0,0.0,9997.0,-8.0,0.0,-16.0,sell_aggressor
777000,,,ASH_COATED_OSMIUM,XIRECS,10008.0,6,-2,60048.0,9989.0,14.0,9987.0,28.0,,,10008.0,28.0,,,,,9998.5,19.0,0.0,42.0,28.0,-0.3333333333333333,9995.333333333334,9.5,19.0,0.0,buy_aggressor
778400,,,ASH_COATED_OSMIUM,XIRECS,9995.0,5,-2,49975.0,9990.0,11.0,9987.0,30.0,,,9995.0,3.0,10006.0,11.0,10008.0,30.0,9992.5,5.0,0.0,41.0,44.0,0.5714285714285714,9993.92857142857,2.5,5.0,0.0,buy_aggressor
786600,,,ASH_COATED_OSMIUM,XIRECS,9989.0,2,-2,19978.0,9989.0,12.0,9986.0,23.0,,,10005.0,12.0,10007.0,23.0,,,9997.0,16.0,0.0,35.0,35.0,0.0,9997.0,-8.0,0.0,-16.0,sell_aggressor
788400,,,ASH_COATED_OSMIUM,XIRECS,10003.0,5,-2,50015.0,9987.0,12.0,9985.0,24.0,,,10003.0,12.0,10006.0,24.0,,,9995.0,16.0,0.0,36.0,36.0,0.0,9995.0,8.0,16.0,0.0,buy_aggressor
790200,,,ASH_COATED_OSMIUM,XIRECS,9988.0,3,-2,29964.0,9988.0,15.0,9986.0,21.0,,,10007.0,21.0,,,,,9997.5,19.0,0.0,36.0,21.0,-0.16666666666666666,9995.916666666666,-9.5,0.0,-19.0,sell_aggressor
791700,,,ASH_COATED_OSMIUM,XIRECS,9987.0,2,-2,19974.0,9987.0,11.0,,,,,10006.0,28.0,,,,,9996.5,19.0,0.0,11.0,28.0,-0.4358974358974359,9992.358974358975,-9.5,0.0,-19.0,sell_aggressor
792800,,,ASH_COATED_OSMIUM,XIRECS,10005.0,7,-2,70035.0,9986.0,11.0,9984.0,27.0,,,10005.0,27.0,,,,,9995.5,19.0,0.0,38.0,27.0,-0.42105263157894735,9991.5,9.5,19.0,0.0,buy_aggressor
795100,,,ASH_COATED_OSMIUM,XIRECS,9987.0,3,-2,29961.0,9987.0,15.0,9984.0,29.0,,,10003.0,15.0,10005.0,29.0,,,9995.0,16.0,0.0,44.0,44.0,0.0,9995.0,-8.0,0.0,-16.0,sell_aggressor
796500,,,ASH_COATED_OSMIUM,XIRECS,9986.0,4,-2,39944.0,9986.0,10.0,9984.0,27.0,,,10002.0,10.0,10005.0,27.0,,,9994.0,16.0,0.0,37.0,37.0,0.0,9994.0,-8.0,0.0,-16.0,sell_aggressor
799600,,,ASH_COATED_OSMIUM,XIRECS,10006.0,7,-2,70042.0,9987.0,14.0,9985.0,29.0,,,10006.0,29.0,,,,,9996.5,19.0,0.0,43.0,29.0,-0.3488372093023256,9993.186046511628,9.5,19.0,0.0,buy_aggressor
800100,,,ASH_COATED_OSMIUM,XIRECS,9988.0,3,-2,29964.0,9988.0,13.0,9985.0,22.0,,,9997.0,3.0,10004.0,13.0,10006.0,22.0,9992.5,9.0,0.0,35.0,38.0,0.625,9995.3125,-4.5,0.0,-9.0,sell_aggressor
801800,,,ASH_COATED_OSMIUM,XIRECS,9987.0,2,-2,19974.0,9987.0,10.0,9984.0,23.0,,,10003.0,10.0,,,,,9995.0,16.0,0.0,33.0,10.0,0.0,9995.0,-8.0,0.0,-16.0,sell_aggressor
803900,,,ASH_COATED_OSMIUM,XIRECS,9986.0,2,-2,19972.0,9986.0,11.0,9983.0,23.0,,,10002.0,11.0,10004.0,23.0,,,9994.0,16.0,0.0,34.0,34.0,0.0,9994.0,-8.0,0.0,-16.0,sell_aggressor
804900,,,ASH_COATED_OSMIUM,XIRECS,10003.0,5,-2,50015.0,9987.0,13.0,9984.0,25.0,,,10003.0,13.0,10005.0,25.0,,,9995.0,16.0,0.0,38.0,38.0,0.0,9995.0,8.0,16.0,0.0,buy_aggressor
808400,,,ASH_COATED_OSMIUM,XIRECS,10001.0,8,-2,80008.0,9990.0,2.0,9985.0,11.0,9982.0,28.0,10001.0,11.0,10003.0,28.0,,,9995.5,11.0,0.0,41.0,39.0,-0.6923076923076923,9991.692307692309,5.5,11.0,0.0,buy_aggressor
809500,,,ASH_COATED_OSMIUM,XIRECS,9999.0,3,-2,29997.0,9983.0,13.0,9981.0,20.0,,,9999.0,13.0,10002.0,20.0,,,9991.0,16.0,0.0,33.0,33.0,0.0,9991.0,8.0,16.0,0.0,buy_aggressor
814300,,,ASH_COATED_OSMIUM,XIRECS,10002.0,3,-2,30006.0,9996.0,8.0,9986.0,11.0,,,10002.0,11.0,10005.0,22.0,,,9999.0,6.0,0.0,19.0,33.0,-0.15789473684210525,9998.526315789473,3.0,6.0,0.0,buy_aggressor
817900,,,ASH_COATED_OSMIUM,XIRECS,9988.0,10,-2,99880.0,9988.0,13.0,9985.0,27.0,,,10003.0,13.0,10006.0,27.0,,,9995.5,15.0,0.0,40.0,40.0,0.0,9995.5,-7.5,0.0,-15.0,sell_aggressor
821000,,,ASH_COATED_OSMIUM,XIRECS,9998.0,4,-2,39992.0,9998.0,2.0,,,,,10004.0,10.0,10007.0,25.0,,,10001.0,6.0,0.0,2.0,35.0,-0.6666666666666666,9999.0,-3.0,0.0,-6.0,sell_aggressor
822700,,,ASH_COATED_OSMIUM,XIRECS,10005.0,7,-2,70035.0,9989.0,11.0,9986.0,23.0,,,10005.0,11.0,10007.0,23.0,,,9997.0,16.0,0.0,34.0,34.0,0.0,9997.0,8.0,16.0,0.0,buy_aggressor
830100,,,ASH_COATED_OSMIUM,XIRECS,9990.0,5,-2,49950.0,9990.0,26.0,,,,,10008.0,15.0,10011.0,26.0,,,9999.0,18.0,0.0,26.0,41.0,0.2682926829268293,10001.414634146342,-9.0,0.0,-18.0,sell_aggressor
830500,,,ASH_COATED_OSMIUM,XIRECS,10009.0,6,-2,60054.0,9991.0,30.0,,,,,10012.0,30.0,,,,,10001.5,21.0,0.0,30.0,30.0,0.0,10001.5,7.5,18.0,-3.0,likely_buy
830700,,,ASH_COATED_OSMIUM,XIRECS,9991.0,9,-2,89919.0,9991.0,29.0,,,,,10010.0,10.0,10012.0,29.0,,,10000.5,19.0,0.0,29.0,39.0,0.48717948717948717,10005.128205128205,-9.5,0.0,-19.0,sell_aggressor
831800,,,ASH_COATED_OSMIUM,XIRECS,10011.0,2,-2,20022.0,9995.0,12.0,9992.0,30.0,,,10011.0,12.0,10013.0,30.0,,,10003.0,16.0,0.0,42.0,42.0,0.0,10003.0,8.0,16.0,0.0,buy_aggressor
832300,,,ASH_COATED_OSMIUM,XIRECS,10010.0,4,-2,40040.0,9992.0,25.0,,,,,10010.0,10.0,10013.0,25.0,,,10001.0,18.0,0.0,25.0,35.0,0.42857142857142855,10004.857142857143,9.0,18.0,0.0,buy_aggressor
833300,,,ASH_COATED_OSMIUM,XIRECS,9996.0,8,-2,79968.0,9996.0,15.0,,,,,10012.0,15.0,10014.0,28.0,,,10004.0,16.0,0.0,15.0,43.0,0.0,10004.0,-8.0,0.0,-16.0,sell_aggressor
834300,,,ASH_COATED_OSMIUM,XIRECS,10011.0,5,-2,50055.0,9995.0,15.0,9993.0,22.0,,,10011.0,15.0,10014.0,22.0,,,10003.0,16.0,0.0,37.0,37.0,0.0,10003.0,8.0,16.0,0.0,buy_aggressor
835200,,,ASH_COATED_OSMIUM,XIRECS,10011.0,2,-2,20022.0,9995.0,14.0,9992.0,28.0,,,10011.0,14.0,10013.0,28.0,,,10003.0,16.0,0.0,42.0,42.0,0.0,10003.0,8.0,16.0,0.0,buy_aggressor
836900,,,ASH_COATED_OSMIUM,XIRECS,9995.0,5,-2,49975.0,9995.0,10.0,9992.0,23.0,,,10011.0,10.0,10013.0,23.0,,,10003.0,16.0,0.0,33.0,33.0,0.0,10003.0,-8.0,0.0,-16.0,sell_aggressor
837000,,,ASH_COATED_OSMIUM,XIRECS,10014.0,4,-2,40056.0,9996.0,13.0,9993.0,27.0,,,10014.0,27.0,,,,,10005.0,18.0,0.0,40.0,27.0,-0.35,10001.85,9.0,18.0,0.0,buy_aggressor
840000,,,ASH_COATED_OSMIUM,XIRECS,10010.0,5,-2,50050.0,9994.0,10.0,9992.0,24.0,,,10010.0,10.0,10013.0,24.0,,,10002.0,16.0,0.0,34.0,34.0,0.0,10002.0,8.0,16.0,0.0,buy_aggressor
841100,,,ASH_COATED_OSMIUM,XIRECS,9995.0,5,-2,49975.0,9995.0,11.0,9993.0,23.0,,,10011.0,11.0,10014.0,23.0,,,10003.0,16.0,0.0,34.0,34.0,0.0,10003.0,-8.0,0.0,-16.0,sell_aggressor
842200,,,ASH_COATED_OSMIUM,XIRECS,9996.0,5,-2,49980.0,9996.0,10.0,9993.0,26.0,,,10012.0,10.0,10014.0,26.0,,,10004.0,16.0,0.0,36.0,36.0,0.0,10004.0,-8.0,0.0,-16.0,sell_aggressor
846300,,,ASH_COATED_OSMIUM,XIRECS,10011.0,5,-2,50055.0,9992.0,27.0,,,,,10011.0,12.0,10013.0,27.0,,,10001.5,19.0,0.0,27.0,39.0,0.38461538461538464,10005.153846153846,9.5,19.0,0.0,buy_aggressor
850000,,,ASH_COATED_OSMIUM,XIRECS,9996.0,10,-2,99960.0,9996.0,13.0,,,,,10012.0,13.0,10015.0,28.0,,,10004.0,16.0,0.0,13.0,41.0,0.0,10004.0,-8.0,0.0,-16.0,sell_aggressor
850600,,,ASH_COATED_OSMIUM,XIRECS,9992.0,3,-2,29976.0,9992.0,22.0,,,,,10011.0,12.0,10014.0,22.0,,,10001.5,19.0,0.0,22.0,34.0,0.29411764705882354,10004.29411764706,-9.5,0.0,-19.0,sell_aggressor
851200,,,ASH_COATED_OSMIUM,XIRECS,10011.0,6,-2,60066.0,9992.0,29.0,,,,,10011.0,10.0,10013.0,29.0,,,10001.5,19.0,0.0,29.0,39.0,0.48717948717948717,10006.128205128205,9.5,19.0,0.0,buy_aggressor
853400,,,ASH_COATED_OSMIUM,XIRECS,9993.0,4,-2,39972.0,9993.0,13.0,9990.0,27.0,,,10009.0,13.0,10011.0,27.0,,,10001.0,16.0,0.0,40.0,40.0,0.0,10001.0,-8.0,0.0,-16.0,sell_aggressor
858400,,,ASH_COATED_OSMIUM,XIRECS,9993.0,5,-2,49965.0,9993.0,15.0,,,,,10009.0,15.0,10012.0,28.0,,,10001.0,16.0,0.0,15.0,43.0,0.0,10001.0,-8.0,0.0,-16.0,sell_aggressor
858600,,,ASH_COATED_OSMIUM,XIRECS,9993.0,5,-2,49965.0,9993.0,10.0,9991.0,27.0,,,10009.0,10.0,10012.0,27.0,,,10001.0,16.0,0.0,37.0,37.0,0.0,10001.0,-8.0,0.0,-16.0,sell_aggressor
858600,,,ASH_COATED_OSMIUM,XIRECS,9993.0,5,-2,49965.0,9993.0,10.0,9991.0,27.0,,,10009.0,10.0,10012.0,27.0,,,10001.0,16.0,0.0,37.0,37.0,0.0,10001.0,-8.0,0.0,-16.0,sell_aggressor
867300,,,ASH_COATED_OSMIUM,XIRECS,9997.0,8,-2,79976.0,9997.0,13.0,,,,,10015.0,28.0,,,,,10006.0,18.0,0.0,13.0,28.0,-0.36585365853658536,10002.707317073171,-9.0,0.0,-18.0,sell_aggressor
874800,,,ASH_COATED_OSMIUM,XIRECS,10013.0,2,-2,20026.0,9997.0,11.0,,,,,10013.0,11.0,10015.0,20.0,,,10005.0,16.0,0.0,11.0,31.0,0.0,10005.0,8.0,16.0,0.0,buy_aggressor
876400,,,ASH_COATED_OSMIUM,XIRECS,10013.0,2,-2,20026.0,9997.0,14.0,9994.0,22.0,,,10013.0,14.0,10015.0,22.0,,,10005.0,16.0,0.0,36.0,36.0,0.0,10005.0,8.0,16.0,0.0,buy_aggressor
878100,,,ASH_COATED_OSMIUM,XIRECS,10012.0,4,-2,40048.0,9996.0,14.0,9994.0,30.0,,,10012.0,14.0,10015.0,30.0,,,10004.0,16.0,0.0,44.0,44.0,0.0,10004.0,8.0,16.0,0.0,buy_aggressor
891300,,,ASH_COATED_OSMIUM,XIRECS,10008.0,10,-2,100080.0,9992.0,14.0,,,,,10008.0,14.0,10010.0,30.0,,,10000.0,16.0,0.0,14.0,44.0,0.0,10000.0,8.0,16.0,0.0,buy_aggressor
892800,,,ASH_COATED_OSMIUM,XIRECS,10008.0,5,-2,50040.0,9992.0,13.0,9990.0,27.0,,,10008.0,13.0,10011.0,27.0,,,10000.0,16.0,0.0,40.0,40.0,0.0,10000.0,8.0,16.0,0.0,buy_aggressor
895700,,,ASH_COATED_OSMIUM,XIRECS,10010.0,4,-2,40040.0,9991.0,22.0,,,,,10010.0,15.0,,,,,10000.5,19.0,0.0,22.0,15.0,0.1891891891891892,10002.297297297297,9.5,19.0,0.0,buy_aggressor
898400,,,ASH_COATED_OSMIUM,XIRECS,9995.0,9,-2,89955.0,9995.0,15.0,,,,,10011.0,15.0,10014.0,25.0,,,10003.0,16.0,0.0,15.0,40.0,0.0,10003.0,-8.0,0.0,-16.0,sell_aggressor
901700,,,ASH_COATED_OSMIUM,XIRECS,9993.0,3,-2,29979.0,9993.0,30.0,,,,,10014.0,30.0,,,,,10003.5,21.0,0.0,30.0,30.0,0.0,10003.5,-10.5,0.0,-21.0,sell_aggressor
902500,,,ASH_COATED_OSMIUM,XIRECS,9994.0,4,-2,39976.0,9994.0,11.0,,,,,10010.0,11.0,10013.0,28.0,,,10002.0,16.0,0.0,11.0,39.0,0.0,10002.0,-8.0,0.0,-16.0,sell_aggressor
902700,,,ASH_COATED_OSMIUM,XIRECS,9995.0,3,-2,29985.0,9995.0,10.0,9992.0,25.0,,,10011.0,10.0,10013.0,25.0,,,10003.0,16.0,0.0,35.0,35.0,0.0,10003.0,-8.0,0.0,-16.0,sell_aggressor
903500,,,ASH_COATED_OSMIUM,XIRECS,9994.0,5,-2,49970.0,9994.0,15.0,9991.0,27.0,,,10010.0,15.0,10012.0,27.0,,,10002.0,16.0,0.0,42.0,42.0,0.0,10002.0,-8.0,0.0,-16.0,sell_aggressor
905800,,,ASH_COATED_OSMIUM,XIRECS,9995.0,2,-2,19990.0,9995.0,12.0,9992.0,28.0,,,10011.0,12.0,10013.0,28.0,,,10003.0,16.0,0.0,40.0,40.0,0.0,10003.0,-8.0,0.0,-16.0,sell_aggressor
906100,,,ASH_COATED_OSMIUM,XIRECS,10010.0,6,-2,60060.0,9991.0,21.0,,,,,10010.0,13.0,10012.0,21.0,,,10000.5,19.0,0.0,21.0,34.0,0.23529411764705882,10002.735294117647,9.5,19.0,0.0,buy_aggressor
910600,,,ASH_COATED_OSMIUM,XIRECS,9994.0,7,-2,69958.0,9994.0,12.0,9992.0,29.0,,,10010.0,12.0,10013.0,29.0,,,10002.0,16.0,0.0,41.0,41.0,0.0,10002.0,-8.0,0.0,-16.0,sell_aggressor
914300,,,ASH_COATED_OSMIUM,XIRECS,9993.0,4,-2,39972.0,9993.0,14.0,9990.0,26.0,,,10009.0,14.0,10011.0,26.0,,,10001.0,16.0,0.0,40.0,40.0,0.0,10001.0,-8.0,0.0,-16.0,sell_aggressor
917400,,,ASH_COATED_OSMIUM,XIRECS,9994.0,5,-2,49970.0,9994.0,13.0,9991.0,24.0,,,10010.0,13.0,10012.0,24.0,,,10002.0,16.0,0.0,37.0,37.0,0.0,10002.0,-8.0,0.0,-16.0,sell_aggressor
923300,,,ASH_COATED_OSMIUM,XIRECS,10006.0,3,-2,30018.0,9996.0,11.0,,,,,10006.0,3.0,10015.0,20.0,,,10001.0,10.0,0.0,11.0,23.0,0.5714285714285714,10003.857142857143,5.0,10.0,0.0,buy_aggressor
924600,,,ASH_COATED_OSMIUM,XIRECS,9996.0,3,-2,29988.0,9996.0,10.0,9993.0,26.0,,,10012.0,10.0,,,,,10004.0,16.0,0.0,36.0,10.0,0.0,10004.0,-8.0,0.0,-16.0,sell_aggressor
931300,,,ASH_COATED_OSMIUM,XIRECS,10013.0,8,-2,80104.0,9997.0,13.0,,,,,10013.0,13.0,,,,,10005.0,16.0,0.0,13.0,13.0,0.0,10005.0,8.0,16.0,0.0,buy_aggressor
932500,,,ASH_COATED_OSMIUM,XIRECS,9995.0,8,-2,79960.0,9995.0,20.0,,,,,10016.0,20.0,,,,,10005.5,21.0,0.0,20.0,20.0,0.0,10005.5,-10.5,0.0,-21.0,sell_aggressor
933500,,,ASH_COATED_OSMIUM,XIRECS,10013.0,9,-2,90117.0,9997.0,11.0,9995.0,26.0,,,10013.0,11.0,10016.0,26.0,,,10005.0,16.0,0.0,37.0,37.0,0.0,10005.0,8.0,16.0,0.0,buy_aggressor
933700,,,ASH_COATED_OSMIUM,XIRECS,10012.0,6,-2,60072.0,9996.0,10.0,9994.0,29.0,,,10012.0,10.0,10015.0,29.0,,,10004.0,16.0,0.0,39.0,39.0,0.0,10004.0,8.0,16.0,0.0,buy_aggressor
936100,,,ASH_COATED_OSMIUM,XIRECS,9995.0,4,-2,39980.0,9995.0,21.0,,,,,10016.0,21.0,,,,,10005.5,21.0,0.0,21.0,21.0,0.0,10005.5,-10.5,0.0,-21.0,sell_aggressor
940100,,,ASH_COATED_OSMIUM,XIRECS,9999.0,10,-2,99990.0,9999.0,15.0,9996.0,28.0,,,10015.0,15.0,,,,,10007.0,16.0,0.0,43.0,15.0,0.0,10007.0,-8.0,0.0,-16.0,sell_aggressor
940600,,,ASH_COATED_OSMIUM,XIRECS,9999.0,6,-2,59994.0,9999.0,10.0,9996.0,23.0,,,10018.0,23.0,,,,,10008.5,19.0,0.0,33.0,23.0,-0.3939393939393939,10004.757575757576,-9.5,0.0,-19.0,sell_aggressor
943100,,,ASH_COATED_OSMIUM,XIRECS,9999.0,6,-2,59994.0,9999.0,11.0,9996.0,21.0,,,10015.0,11.0,10017.0,21.0,,,10007.0,16.0,0.0,32.0,32.0,0.0,10007.0,-8.0,0.0,-16.0,sell_aggressor
943600,,,ASH_COATED_OSMIUM,XIRECS,10004.0,2,-2,20008.0,10004.0,3.0,9996.0,20.0,,,10014.0,15.0,10017.0,20.0,,,10009.0,10.0,0.0,23.0,35.0,-0.6666666666666666,10005.666666666666,-5.0,0.0,-10.0,sell_aggressor
943900,,,ASH_COATED_OSMIUM,XIRECS,9998.0,5,-2,49990.0,9998.0,10.0,9996.0,23.0,,,10008.0,3.0,10014.0,10.0,10017.0,23.0,10003.0,10.0,0.0,33.0,36.0,0.5384615384615384,10005.692307692309,-5.0,0.0,-10.0,sell_aggressor
946000,,,ASH_COATED_OSMIUM,XIRECS,9998.0,5,-2,49990.0,9998.0,15.0,9995.0,30.0,,,10014.0,15.0,10016.0,30.0,,,10006.0,16.0,0.0,45.0,45.0,0.0,10006.0,-8.0,0.0,-16.0,sell_aggressor
951300,,,ASH_COATED_OSMIUM,XIRECS,9995.0,6,-2,59970.0,9995.0,15.0,,,,,10011.0,15.0,10014.0,25.0,,,10003.0,16.0,0.0,15.0,40.0,0.0,10003.0,-8.0,0.0,-16.0,sell_aggressor
956100,,,ASH_COATED_OSMIUM,XIRECS,10010.0,6,-2,60060.0,9991.0,14.0,9989.0,20.0,,,10010.0,20.0,,,,,10000.5,19.0,0.0,34.0,20.0,-0.17647058823529413,9998.823529411764,9.5,19.0,0.0,buy_aggressor
957400,,,ASH_COATED_OSMIUM,XIRECS,10006.0,4,-2,40024.0,9990.0,13.0,9987.0,28.0,,,10006.0,13.0,10008.0,28.0,,,9998.0,16.0,0.0,41.0,41.0,0.0,9998.0,8.0,16.0,0.0,buy_aggressor
959400,,,ASH_COATED_OSMIUM,XIRECS,10006.0,4,-2,40024.0,9990.0,13.0,9988.0,21.0,,,10006.0,13.0,10009.0,21.0,,,9998.0,16.0,0.0,34.0,34.0,0.0,9998.0,8.0,16.0,0.0,buy_aggressor
960200,,,ASH_COATED_OSMIUM,XIRECS,9989.0,6,-2,59934.0,9989.0,13.0,,,,,10005.0,13.0,10008.0,30.0,,,9997.0,16.0,0.0,13.0,43.0,0.0,9997.0,-8.0,0.0,-16.0,sell_aggressor
963200,,,ASH_COATED_OSMIUM,XIRECS,10005.0,6,-2,60030.0,9987.0,25.0,,,,,10005.0,11.0,10008.0,25.0,,,9996.0,18.0,0.0,25.0,36.0,0.3888888888888889,9999.5,9.0,18.0,0.0,buy_aggressor
964800,,,ASH_COATED_OSMIUM,XIRECS,10006.0,6,-2,60036.0,9988.0,12.0,9986.0,30.0,,,10004.0,12.0,10007.0,30.0,,,9996.0,16.0,0.0,42.0,42.0,0.0,9996.0,10.0,18.0,2.0,buy_aggressor
966000,,,ASH_COATED_OSMIUM,XIRECS,9987.0,6,-2,59922.0,9987.0,14.0,9984.0,29.0,,,10003.0,14.0,10005.0,29.0,,,9995.0,16.0,0.0,43.0,43.0,0.0,9995.0,-8.0,0.0,-16.0,sell_aggressor
967000,,,ASH_COATED_OSMIUM,XIRECS,10004.0,8,-2,80032.0,9988.0,14.0,9985.0,22.0,,,10004.0,14.0,10006.0,22.0,,,9996.0,16.0,0.0,36.0,36.0,0.0,9996.0,8.0,16.0,0.0,buy_aggressor
973400,,,ASH_COATED_OSMIUM,XIRECS,9986.0,8,-2,79888.0,9986.0,14.0,9983.0,29.0,,,10002.0,14.0,10004.0,29.0,,,9994.0,16.0,0.0,43.0,43.0,0.0,9994.0,-8.0,0.0,-16.0,sell_aggressor
973700,,,ASH_COATED_OSMIUM,XIRECS,10002.0,2,-2,20004.0,9983.0,28.0,,,,,10002.0,11.0,10004.0,28.0,,,9992.5,19.0,0.0,28.0,39.0,0.4358974358974359,9996.641025641025,9.5,19.0,0.0,buy_aggressor
974900,,,ASH_COATED_OSMIUM,XIRECS,9986.0,6,-2,59916.0,9986.0,14.0,9983.0,28.0,,,10002.0,14.0,10004.0,28.0,,,9994.0,16.0,0.0,42.0,42.0,0.0,9994.0,-8.0,0.0,-16.0,sell_aggressor
976500,,,ASH_COATED_OSMIUM,XIRECS,9985.0,6,-2,59910.0,9985.0,10.0,9982.0,30.0,,,10001.0,10.0,10003.0,30.0,,,9993.0,16.0,0.0,40.0,40.0,0.0,9993.0,-8.0,0.0,-16.0,sell_aggressor
977100,,,ASH_COATED_OSMIUM,XIRECS,10001.0,7,-2,70007.0,9985.0,12.0,9983.0,29.0,,,10001.0,12.0,10004.0,29.0,,,9993.0,16.0,0.0,41.0,41.0,0.0,9993.0,8.0,16.0,0.0,buy_aggressor
980800,,,ASH_COATED_OSMIUM,XIRECS,10000.0,3,-2,30000.0,9981.0,26.0,,,,,10000.0,10.0,10002.0,26.0,,,9990.5,19.0,0.0,26.0,36.0,0.4444444444444444,9994.722222222223,9.5,19.0,0.0,buy_aggressor
988000,,,ASH_COATED_OSMIUM,XIRECS,9981.0,4,-2,39924.0,9981.0,29.0,,,,,9999.0,13.0,10002.0,29.0,,,9990.0,18.0,0.0,29.0,42.0,0.38095238095238093,9993.42857142857,-9.0,0.0,-18.0,sell_aggressor
992000,,,ASH_COATED_OSMIUM,XIRECS,9983.0,4,-2,39932.0,9983.0,14.0,,,,,9999.0,14.0,,,,,9991.0,16.0,0.0,14.0,14.0,0.0,9991.0,-8.0,0.0,-16.0,sell_aggressor
994200,,,ASH_COATED_OSMIUM,XIRECS,10002.0,2,-2,20004.0,9986.0,15.0,9983.0,20.0,,,10002.0,15.0,10004.0,20.0,,,9994.0,16.0,0.0,35.0,35.0,0.0,9994.0,8.0,16.0,0.0,buy_aggressor
995300,,,ASH_COATED_OSMIUM,XIRECS,10001.0,6,-2,60006.0,9985.0,13.0,,,,,10001.0,13.0,10003.0,24.0,,,9993.0,16.0,0.0,13.0,37.0,0.0,9993.0,8.0,16.0,0.0,buy_aggressor
1000,,,INTARIAN_PEPPER_ROOT,XIRECS,9995.0,7,-2,69965.0,9995.0,11.0,9993.0,24.0,,,10006.0,11.0,10009.0,24.0,,,10000.5,11.0,0.0,35.0,35.0,0.0,10000.5,-5.5,0.0,-11.0,sell_aggressor
4000,,,INTARIAN_PEPPER_ROOT,XIRECS,10007.0,7,-2,70049.0,10007.0,7.0,9998.0,11.0,9996.0,20.0,10010.0,11.0,10012.0,20.0,,,10008.5,3.0,0.0,38.0,31.0,-0.2222222222222222,10008.166666666666,-1.5,0.0,-3.0,sell_aggressor
10500,,,INTARIAN_PEPPER_ROOT,XIRECS,10013.0,5,-2,50065.0,10013.0,5.0,10005.0,9.0,10002.0,22.0,10016.0,9.0,10019.0,22.0,,,10014.5,3.0,0.0,36.0,31.0,-0.2857142857142857,10014.07142857143,-1.5,0.0,-3.0,sell_aggressor
12600,,,INTARIAN_PEPPER_ROOT,XIRECS,10018.0,3,-2,30054.0,10007.0,12.0,10005.0,16.0,,,10018.0,12.0,10021.0,16.0,,,10012.5,11.0,0.0,28.0,28.0,0.0,10012.5,5.5,11.0,0.0,buy_aggressor
15000,,,INTARIAN_PEPPER_ROOT,XIRECS,10021.0,7,-2,70147.0,10009.0,12.0,10007.0,25.0,,,10021.0,12.0,10023.0,25.0,,,10015.0,12.0,0.0,37.0,37.0,0.0,10015.0,6.0,12.0,0.0,buy_aggressor
15600,,,INTARIAN_PEPPER_ROOT,XIRECS,10021.0,3,-2,30063.0,10010.0,10.0,10008.0,22.0,,,10021.0,10.0,10024.0,22.0,,,10015.5,11.0,0.0,32.0,32.0,0.0,10015.5,5.5,11.0,0.0,buy_aggressor
20200,,,INTARIAN_PEPPER_ROOT,XIRECS,10026.0,6,-2,60156.0,10015.0,11.0,10012.0,17.0,,,10026.0,11.0,10028.0,17.0,,,10020.5,11.0,0.0,28.0,28.0,0.0,10020.5,5.5,11.0,0.0,buy_aggressor
21500,,,INTARIAN_PEPPER_ROOT,XIRECS,10027.0,4,-2,40108.0,10016.0,11.0,10013.0,16.0,,,10027.0,11.0,10030.0,16.0,,,10021.5,11.0,0.0,27.0,27.0,0.0,10021.5,5.5,11.0,0.0,buy_aggressor
22600,,,INTARIAN_PEPPER_ROOT,XIRECS,10019.0,4,-2,40076.0,10017.0,10.0,10015.0,22.0,,,10019.0,7.0,10028.0,10.0,10031.0,22.0,10018.0,2.0,0.0,32.0,39.0,0.17647058823529413,10018.176470588236,1.0,2.0,0.0,buy_aggressor
22600,,,INTARIAN_PEPPER_ROOT,XIRECS,10019.0,3,-2,30057.0,10017.0,10.0,10015.0,22.0,,,10019.0,7.0,10028.0,10.0,10031.0,22.0,10018.0,2.0,0.0,32.0,39.0,0.17647058823529413,10018.176470588236,1.0,2.0,0.0,buy_aggressor
28200,,,INTARIAN_PEPPER_ROOT,XIRECS,10034.0,6,-2,60204.0,10020.0,21.0,,,,,10034.0,12.0,10036.0,21.0,,,10027.0,14.0,0.0,21.0,33.0,0.2727272727272727,10028.90909090909,7.0,14.0,0.0,buy_aggressor
29300,,,INTARIAN_PEPPER_ROOT,XIRECS,10021.0,6,-2,60126.0,10021.0,23.0,,,,,10035.0,10.0,10037.0,23.0,,,10028.0,14.0,0.0,23.0,33.0,0.3939393939393939,10030.757575757576,-7.0,0.0,-14.0,sell_aggressor
29400,,,INTARIAN_PEPPER_ROOT,XIRECS,10035.0,7,-2,70245.0,10024.0,9.0,10021.0,22.0,,,10035.0,9.0,10037.0,22.0,,,10029.5,11.0,0.0,31.0,31.0,0.0,10029.5,5.5,11.0,0.0,buy_aggressor
32800,,,INTARIAN_PEPPER_ROOT,XIRECS,10038.0,3,-2,30114.0,10027.0,12.0,10025.0,24.0,,,10038.0,12.0,10041.0,24.0,,,10032.5,11.0,0.0,36.0,36.0,0.0,10032.5,5.5,11.0,0.0,buy_aggressor
35200,,,INTARIAN_PEPPER_ROOT,XIRECS,10032.0,5,-2,50160.0,10030.0,11.0,10027.0,20.0,,,10032.0,5.0,10043.0,20.0,,,10031.0,2.0,0.0,31.0,25.0,0.375,10031.375,1.0,2.0,0.0,buy_aggressor
37900,,,INTARIAN_PEPPER_ROOT,XIRECS,10040.0,4,-2,40160.0,10040.0,4.0,10032.0,12.0,10030.0,24.0,10043.0,12.0,10046.0,24.0,,,10041.5,3.0,0.0,40.0,36.0,-0.5,10040.75,-1.5,0.0,-3.0,sell_aggressor
38600,,,INTARIAN_PEPPER_ROOT,XIRECS,10033.0,6,-2,60198.0,10033.0,9.0,10031.0,23.0,,,10047.0,23.0,,,,,10040.0,14.0,0.0,32.0,23.0,-0.4375,10036.9375,-7.0,0.0,-14.0,sell_aggressor
42500,,,INTARIAN_PEPPER_ROOT,XIRECS,10037.0,3,-2,30111.0,10037.0,11.0,10034.0,19.0,,,10051.0,19.0,,,,,10044.0,14.0,0.0,30.0,19.0,-0.26666666666666666,10042.133333333333,-7.0,0.0,-14.0,sell_aggressor
45900,,,INTARIAN_PEPPER_ROOT,XIRECS,10038.0,6,-2,60228.0,10038.0,16.0,,,,,10051.0,8.0,10054.0,16.0,,,10044.5,13.0,0.0,16.0,24.0,0.3333333333333333,10046.666666666666,-6.5,0.0,-13.0,sell_aggressor
46400,,,INTARIAN_PEPPER_ROOT,XIRECS,10049.0,4,-2,40196.0,10049.0,4.0,10041.0,8.0,10038.0,19.0,10052.0,8.0,10054.0,19.0,,,10050.5,3.0,0.0,31.0,27.0,-0.3333333333333333,10050.0,-1.5,0.0,-3.0,sell_aggressor
52900,,,INTARIAN_PEPPER_ROOT,XIRECS,10049.0,6,-2,60294.0,10047.0,8.0,10045.0,15.0,,,10049.0,6.0,10061.0,15.0,,,10048.0,2.0,0.0,23.0,21.0,0.14285714285714285,10048.142857142857,1.0,2.0,0.0,buy_aggressor
53000,,,INTARIAN_PEPPER_ROOT,XIRECS,10049.0,6,-2,60294.0,10047.0,8.0,10045.0,15.0,,,10049.0,6.0,10061.0,15.0,,,10048.0,2.0,0.0,23.0,21.0,0.14285714285714285,10048.142857142857,1.0,2.0,0.0,buy_aggressor
53800,,,INTARIAN_PEPPER_ROOT,XIRECS,10048.0,4,-2,40192.0,10048.0,10.0,10046.0,16.0,,,10059.0,10.0,10062.0,16.0,,,10053.5,11.0,0.0,26.0,26.0,0.0,10053.5,-5.5,0.0,-11.0,sell_aggressor
55300,,,INTARIAN_PEPPER_ROOT,XIRECS,10052.0,7,-2,70364.0,10050.0,9.0,10047.0,17.0,,,10052.0,7.0,10061.0,9.0,,,10051.0,2.0,0.0,26.0,16.0,0.125,10051.125,1.0,2.0,0.0,buy_aggressor
57200,,,INTARIAN_PEPPER_ROOT,XIRECS,10060.0,8,-2,80480.0,10060.0,8.0,10052.0,8.0,10049.0,23.0,10063.0,8.0,10065.0,23.0,,,10061.5,3.0,0.0,39.0,31.0,0.0,10061.5,-1.5,0.0,-3.0,sell_aggressor
60900,,,INTARIAN_PEPPER_ROOT,XIRECS,10066.0,6,-2,60396.0,10055.0,9.0,10053.0,15.0,,,10066.0,9.0,10069.0,15.0,,,10060.5,11.0,0.0,24.0,24.0,0.0,10060.5,5.5,11.0,0.0,buy_aggressor
61700,,,INTARIAN_PEPPER_ROOT,XIRECS,10064.0,5,-2,50320.0,10064.0,5.0,10056.0,9.0,10054.0,23.0,10067.0,9.0,10070.0,23.0,,,10065.5,3.0,0.0,37.0,32.0,-0.2857142857142857,10065.07142857143,-1.5,0.0,-3.0,sell_aggressor
64800,,,INTARIAN_PEPPER_ROOT,XIRECS,10059.0,7,-2,70413.0,10059.0,12.0,10057.0,23.0,,,10073.0,23.0,,,,,10066.0,14.0,0.0,35.0,23.0,-0.3142857142857143,10063.8,-7.0,0.0,-14.0,sell_aggressor
72400,,,INTARIAN_PEPPER_ROOT,XIRECS,10067.0,5,-2,50335.0,10067.0,10.0,10064.0,19.0,,,10078.0,10.0,10080.0,19.0,,,10072.5,11.0,0.0,29.0,29.0,0.0,10072.5,-5.5,0.0,-11.0,sell_aggressor
73400,,,INTARIAN_PEPPER_ROOT,XIRECS,10079.0,3,-2,30237.0,10068.0,9.0,,,,,10079.0,9.0,,,,,10073.5,11.0,0.0,9.0,9.0,0.0,10073.5,5.5,11.0,0.0,buy_aggressor
86600,,,INTARIAN_PEPPER_ROOT,XIRECS,10083.0,3,-2,30249.0,10081.0,12.0,10079.0,20.0,,,10083.0,3.0,10092.0,12.0,10095.0,20.0,10082.0,2.0,0.0,32.0,35.0,0.6,10082.6,1.0,2.0,0.0,buy_aggressor
88100,,,INTARIAN_PEPPER_ROOT,XIRECS,10094.0,6,-2,60564.0,10083.0,11.0,10080.0,18.0,,,10094.0,11.0,10096.0,18.0,,,10088.5,11.0,0.0,29.0,29.0,0.0,10088.5,5.5,11.0,0.0,buy_aggressor
89000,,,INTARIAN_PEPPER_ROOT,XIRECS,10095.0,6,-2,60570.0,10092.0,3.0,10081.0,21.0,,,10095.0,8.0,10097.0,21.0,,,10093.5,3.0,0.0,24.0,29.0,-0.45454545454545453,10092.818181818182,1.5,3.0,0.0,buy_aggressor
91200,,,INTARIAN_PEPPER_ROOT,XIRECS,10086.0,5,-2,50430.0,10086.0,10.0,10083.0,19.0,,,10097.0,10.0,10099.0,19.0,,,10091.5,11.0,0.0,29.0,29.0,0.0,10091.5,-5.5,0.0,-11.0,sell_aggressor
91900,,,INTARIAN_PEPPER_ROOT,XIRECS,10084.0,7,-2,70588.0,10084.0,16.0,,,,,10100.0,16.0,,,,,10092.0,16.0,0.0,16.0,16.0,0.0,10092.0,-8.0,0.0,-16.0,sell_aggressor
98600,,,INTARIAN_PEPPER_ROOT,XIRECS,10101.0,3,-2,30303.0,10101.0,3.0,10093.0,10.0,10091.0,24.0,10104.0,10.0,10107.0,24.0,,,10102.5,3.0,0.0,37.0,34.0,-0.5384615384615384,10101.692307692309,-1.5,0.0,-3.0,sell_aggressor
102000,,,INTARIAN_PEPPER_ROOT,XIRECS,10096.0,7,-2,70672.0,10096.0,12.0,,,,,10108.0,12.0,10110.0,17.0,,,10102.0,12.0,0.0,12.0,29.0,0.0,10102.0,-6.0,0.0,-12.0,sell_aggressor
108200,,,INTARIAN_PEPPER_ROOT,XIRECS,10114.0,6,-2,60684.0,10103.0,8.0,10100.0,16.0,,,10114.0,8.0,10116.0,16.0,,,10108.5,11.0,0.0,24.0,24.0,0.0,10108.5,5.5,11.0,0.0,buy_aggressor
114500,,,INTARIAN_PEPPER_ROOT,XIRECS,10120.0,4,-2,40480.0,10109.0,11.0,,,,,10120.0,11.0,10123.0,24.0,,,10114.5,11.0,0.0,11.0,35.0,0.0,10114.5,5.5,11.0,0.0,buy_aggressor
117700,,,INTARIAN_PEPPER_ROOT,XIRECS,10114.0,8,-2,80912.0,10112.0,8.0,10110.0,18.0,,,10114.0,8.0,10123.0,8.0,10126.0,18.0,10113.0,2.0,0.0,26.0,34.0,0.0,10113.0,1.0,2.0,0.0,buy_aggressor
123300,,,INTARIAN_PEPPER_ROOT,XIRECS,10129.0,4,-2,40516.0,10118.0,12.0,10115.0,25.0,,,10129.0,12.0,10131.0,25.0,,,10123.5,11.0,0.0,37.0,37.0,0.0,10123.5,5.5,11.0,0.0,buy_aggressor
129400,,,INTARIAN_PEPPER_ROOT,XIRECS,10132.0,5,-2,50660.0,10132.0,5.0,10124.0,10.0,,,10135.0,10.0,10137.0,17.0,,,10133.5,3.0,0.0,15.0,27.0,-0.3333333333333333,10133.0,-1.5,0.0,-3.0,sell_aggressor
130000,,,INTARIAN_PEPPER_ROOT,XIRECS,10124.0,4,-2,40496.0,10124.0,10.0,,,,,10136.0,10.0,10138.0,25.0,,,10130.0,12.0,0.0,10.0,35.0,0.0,10130.0,-6.0,0.0,-12.0,sell_aggressor
131400,,,INTARIAN_PEPPER_ROOT,XIRECS,10139.0,5,-2,50695.0,10126.0,8.0,,,,,10139.0,23.0,,,,,10132.5,13.0,0.0,8.0,23.0,-0.4838709677419355,10129.354838709678,6.5,13.0,0.0,buy_aggressor
134600,,,INTARIAN_PEPPER_ROOT,XIRECS,10129.0,5,-2,50645.0,10129.0,10.0,,,,,10140.0,10.0,10143.0,20.0,,,10134.5,11.0,0.0,10.0,30.0,0.0,10134.5,-5.5,0.0,-11.0,sell_aggressor
136200,,,INTARIAN_PEPPER_ROOT,XIRECS,10139.0,7,-2,70973.0,10139.0,7.0,10131.0,10.0,10128.0,21.0,10142.0,10.0,10144.0,21.0,,,10140.5,3.0,0.0,38.0,31.0,-0.17647058823529413,10140.235294117647,-1.5,0.0,-3.0,sell_aggressor
141800,,,INTARIAN_PEPPER_ROOT,XIRECS,10136.0,5,-2,50680.0,10136.0,10.0,10134.0,19.0,,,10147.0,10.0,10150.0,19.0,,,10141.5,11.0,0.0,29.0,29.0,0.0,10141.5,-5.5,0.0,-11.0,sell_aggressor
144100,,,INTARIAN_PEPPER_ROOT,XIRECS,10136.0,3,-2,30408.0,10136.0,19.0,,,,,10150.0,9.0,10152.0,19.0,,,10143.0,14.0,0.0,19.0,28.0,0.35714285714285715,10145.5,-7.0,0.0,-14.0,sell_aggressor
148600,,,INTARIAN_PEPPER_ROOT,XIRECS,10154.0,7,-2,71078.0,10143.0,8.0,,,,,10154.0,8.0,10157.0,22.0,,,10148.5,11.0,0.0,8.0,30.0,0.0,10148.5,5.5,11.0,0.0,buy_aggressor
149300,,,INTARIAN_PEPPER_ROOT,XIRECS,10144.0,3,-2,30432.0,10144.0,11.0,10141.0,15.0,,,10155.0,11.0,10157.0,15.0,,,10149.5,11.0,0.0,26.0,26.0,0.0,10149.5,-5.5,0.0,-11.0,sell_aggressor
155500,,,INTARIAN_PEPPER_ROOT,XIRECS,10152.0,4,-2,40608.0,10150.0,12.0,10147.0,15.0,,,10152.0,4.0,10161.0,12.0,10164.0,15.0,10151.0,2.0,0.0,27.0,31.0,0.5,10151.5,1.0,2.0,0.0,buy_aggressor
156300,,,INTARIAN_PEPPER_ROOT,XIRECS,10151.0,3,-2,30453.0,10151.0,12.0,10148.0,17.0,,,10162.0,12.0,10164.0,17.0,,,10156.5,11.0,0.0,29.0,29.0,0.0,10156.5,-5.5,0.0,-11.0,sell_aggressor
156800,,,INTARIAN_PEPPER_ROOT,XIRECS,10159.0,3,-2,30477.0,10159.0,3.0,10149.0,20.0,,,10162.0,10.0,10165.0,20.0,,,10160.5,3.0,0.0,23.0,30.0,-0.5384615384615384,10159.692307692309,-1.5,0.0,-3.0,sell_aggressor
159700,,,INTARIAN_PEPPER_ROOT,XIRECS,10156.0,7,-2,71092.0,10154.0,10.0,10152.0,18.0,,,10156.0,7.0,10165.0,10.0,10168.0,18.0,10155.0,2.0,0.0,28.0,35.0,0.17647058823529413,10155.176470588236,1.0,2.0,0.0,buy_aggressor
165400,,,INTARIAN_PEPPER_ROOT,XIRECS,10171.0,4,-2,40684.0,10160.0,9.0,10157.0,15.0,,,10171.0,9.0,10174.0,15.0,,,10165.5,11.0,0.0,24.0,24.0,0.0,10165.5,5.5,11.0,0.0,buy_aggressor
169300,,,INTARIAN_PEPPER_ROOT,XIRECS,10164.0,3,-2,30492.0,10164.0,12.0,10161.0,24.0,,,10175.0,12.0,10177.0,24.0,,,10169.5,11.0,0.0,36.0,36.0,0.0,10169.5,-5.5,0.0,-11.0,sell_aggressor
175000,,,INTARIAN_PEPPER_ROOT,XIRECS,10181.0,3,-2,30543.0,10169.0,11.0,10167.0,19.0,,,10181.0,11.0,10183.0,19.0,,,10175.0,12.0,0.0,30.0,30.0,0.0,10175.0,6.0,12.0,0.0,buy_aggressor
178600,,,INTARIAN_PEPPER_ROOT,XIRECS,10175.0,4,-2,40700.0,10170.0,21.0,,,,,10175.0,4.0,10184.0,10.0,10187.0,21.0,10172.5,5.0,0.0,21.0,35.0,0.68,10174.2,2.5,5.0,0.0,buy_aggressor
184500,,,INTARIAN_PEPPER_ROOT,XIRECS,10190.0,7,-2,71330.0,10179.0,12.0,,,,,10190.0,12.0,10193.0,24.0,,,10184.5,11.0,0.0,12.0,36.0,0.0,10184.5,5.5,11.0,0.0,buy_aggressor
184900,,,INTARIAN_PEPPER_ROOT,XIRECS,10177.0,3,-2,30531.0,10177.0,21.0,,,,,10190.0,11.0,,,,,10183.5,13.0,0.0,21.0,11.0,0.3125,10185.53125,-6.5,0.0,-13.0,sell_aggressor
185600,,,INTARIAN_PEPPER_ROOT,XIRECS,10191.0,5,-2,50955.0,10180.0,8.0,10177.0,16.0,,,10191.0,8.0,10194.0,16.0,,,10185.5,11.0,0.0,24.0,24.0,0.0,10185.5,5.5,11.0,0.0,buy_aggressor
189700,,,INTARIAN_PEPPER_ROOT,XIRECS,10192.0,6,-2,61152.0,10184.0,12.0,10181.0,24.0,,,10195.0,12.0,10198.0,24.0,,,10189.5,11.0,0.0,36.0,36.0,0.0,10189.5,2.5,8.0,-3.0,likely_buy
190200,,,INTARIAN_PEPPER_ROOT,XIRECS,10196.0,3,-2,30588.0,10185.0,12.0,,,,,10196.0,12.0,,,,,10190.5,11.0,0.0,12.0,12.0,0.0,10190.5,5.5,11.0,0.0,buy_aggressor
193900,,,INTARIAN_PEPPER_ROOT,XIRECS,10199.0,6,-2,61194.0,10188.0,11.0,,,,,10199.0,11.0,,,,,10193.5,11.0,0.0,11.0,11.0,0.0,10193.5,5.5,11.0,0.0,buy_aggressor
202400,,,INTARIAN_PEPPER_ROOT,XIRECS,10197.0,6,-2,61182.0,10197.0,11.0,10194.0,19.0,,,10208.0,11.0,,,,,10202.5,11.0,0.0,30.0,11.0,0.0,10202.5,-5.5,0.0,-11.0,sell_aggressor
203300,,,INTARIAN_PEPPER_ROOT,XIRECS,10198.0,6,-2,61188.0,10198.0,9.0,10195.0,24.0,,,10209.0,9.0,10211.0,24.0,,,10203.5,11.0,0.0,33.0,33.0,0.0,10203.5,-5.5,0.0,-11.0,sell_aggressor
205000,,,INTARIAN_PEPPER_ROOT,XIRECS,10208.0,7,-2,71456.0,10199.0,11.0,10197.0,25.0,,,10207.0,1.0,10211.0,11.0,10213.0,25.0,10203.0,8.0,0.0,36.0,37.0,0.8333333333333334,10206.333333333334,5.0,9.0,1.0,buy_aggressor
206100,,,INTARIAN_PEPPER_ROOT,XIRECS,10203.0,6,-2,61218.0,10200.0,11.0,10198.0,22.0,,,10203.0,6.0,10212.0,11.0,10214.0,22.0,10201.5,3.0,0.0,33.0,39.0,0.29411764705882354,10201.941176470587,1.5,3.0,0.0,buy_aggressor
206400,,,INTARIAN_PEPPER_ROOT,XIRECS,10203.0,4,-2,40812.0,10201.0,9.0,10198.0,24.0,,,10203.0,4.0,10212.0,9.0,,,10202.0,2.0,0.0,33.0,13.0,0.38461538461538464,10202.384615384615,1.0,2.0,0.0,buy_aggressor
207300,,,INTARIAN_PEPPER_ROOT,XIRECS,10202.0,5,-2,51010.0,10202.0,12.0,,,,,10213.0,12.0,,,,,10207.5,11.0,0.0,12.0,12.0,0.0,10207.5,-5.5,0.0,-11.0,sell_aggressor
208200,,,INTARIAN_PEPPER_ROOT,XIRECS,10203.0,7,-2,71421.0,10203.0,12.0,10200.0,25.0,,,10216.0,25.0,,,,,10209.5,13.0,0.0,37.0,25.0,-0.35135135135135137,10207.216216216217,-6.5,0.0,-13.0,sell_aggressor
208700,,,INTARIAN_PEPPER_ROOT,XIRECS,10203.0,4,-2,40812.0,10200.0,17.0,,,,,10214.0,11.0,10217.0,17.0,,,10207.0,14.0,0.0,17.0,28.0,0.21428571428571427,10208.5,-4.0,3.0,-11.0,likely_sell
210300,,,INTARIAN_PEPPER_ROOT,XIRECS,10216.0,5,-2,51080.0,10205.0,11.0,10202.0,19.0,,,10216.0,11.0,10218.0,19.0,,,10210.5,11.0,0.0,30.0,30.0,0.0,10210.5,5.5,11.0,0.0,buy_aggressor
212300,,,INTARIAN_PEPPER_ROOT,XIRECS,10218.0,6,-2,61308.0,10207.0,11.0,10204.0,19.0,,,10218.0,11.0,10220.0,19.0,,,10212.5,11.0,0.0,30.0,30.0,0.0,10212.5,5.5,11.0,0.0,buy_aggressor
218400,,,INTARIAN_PEPPER_ROOT,XIRECS,10213.0,7,-2,71491.0,10213.0,9.0,10210.0,15.0,,,10224.0,9.0,10227.0,15.0,,,10218.5,11.0,0.0,24.0,24.0,0.0,10218.5,-5.5,0.0,-11.0,sell_aggressor
219700,,,INTARIAN_PEPPER_ROOT,XIRECS,10225.0,3,-2,30675.0,10214.0,9.0,10212.0,16.0,,,10225.0,9.0,10228.0,16.0,,,10219.5,11.0,0.0,25.0,25.0,0.0,10219.5,5.5,11.0,0.0,buy_aggressor
219900,,,INTARIAN_PEPPER_ROOT,XIRECS,10214.0,3,-2,30642.0,10214.0,9.0,10212.0,21.0,,,10228.0,21.0,,,,,10221.0,14.0,0.0,30.0,21.0,-0.4,10218.2,-7.0,0.0,-14.0,sell_aggressor
221200,,,INTARIAN_PEPPER_ROOT,XIRECS,10218.0,8,-2,81744.0,10216.0,10.0,,,,,10218.0,8.0,10227.0,10.0,10229.0,19.0,10217.0,2.0,0.0,10.0,37.0,0.1111111111111111,10217.111111111111,1.0,2.0,0.0,buy_aggressor
221600,,,INTARIAN_PEPPER_ROOT,XIRECS,10227.0,6,-2,61362.0,10216.0,10.0,10213.0,20.0,,,10227.0,10.0,10230.0,20.0,,,10221.5,11.0,0.0,30.0,30.0,0.0,10221.5,5.5,11.0,0.0,buy_aggressor
225400,,,INTARIAN_PEPPER_ROOT,XIRECS,10228.0,3,-2,30684.0,10228.0,3.0,10217.0,21.0,,,10231.0,12.0,10234.0,21.0,,,10229.5,3.0,0.0,24.0,33.0,-0.6,10228.6,-1.5,0.0,-3.0,sell_aggressor
226400,,,INTARIAN_PEPPER_ROOT,XIRECS,10232.0,5,-2,51160.0,10221.0,11.0,10218.0,16.0,,,10232.0,11.0,10235.0,16.0,,,10226.5,11.0,0.0,27.0,27.0,0.0,10226.5,5.5,11.0,0.0,buy_aggressor
231300,,,INTARIAN_PEPPER_ROOT,XIRECS,10234.0,7,-2,71638.0,10234.0,7.0,10226.0,10.0,10223.0,22.0,10239.0,22.0,,,,,10236.5,5.0,0.0,39.0,22.0,-0.5172413793103449,10235.206896551725,-2.5,0.0,-5.0,sell_aggressor
231500,,,INTARIAN_PEPPER_ROOT,XIRECS,10226.0,5,-2,51130.0,10226.0,8.0,10223.0,19.0,,,10237.0,8.0,10240.0,19.0,,,10231.5,11.0,0.0,27.0,27.0,0.0,10231.5,-5.5,0.0,-11.0,sell_aggressor
231600,,,INTARIAN_PEPPER_ROOT,XIRECS,10237.0,4,-2,40948.0,10223.0,25.0,,,,,10237.0,12.0,10240.0,25.0,,,10230.0,14.0,0.0,25.0,37.0,0.35135135135135137,10232.45945945946,7.0,14.0,0.0,buy_aggressor
234600,,,INTARIAN_PEPPER_ROOT,XIRECS,10229.0,5,-2,51145.0,10229.0,11.0,10226.0,22.0,,,10240.0,11.0,10243.0,22.0,,,10234.5,11.0,0.0,33.0,33.0,0.0,10234.5,-5.5,0.0,-11.0,sell_aggressor
235900,,,INTARIAN_PEPPER_ROOT,XIRECS,10244.0,6,-2,61464.0,10230.0,10.0,10228.0,23.0,,,10244.0,23.0,,,,,10237.0,14.0,0.0,33.0,23.0,-0.3939393939393939,10234.242424242424,7.0,14.0,0.0,buy_aggressor
241600,,,INTARIAN_PEPPER_ROOT,XIRECS,10247.0,7,-2,71729.0,10236.0,12.0,10233.0,15.0,,,10247.0,12.0,10250.0,15.0,,,10241.5,11.0,0.0,27.0,27.0,0.0,10241.5,5.5,11.0,0.0,buy_aggressor
243300,,,INTARIAN_PEPPER_ROOT,XIRECS,10246.0,4,-2,40984.0,10246.0,4.0,10238.0,9.0,10235.0,20.0,10249.0,9.0,10251.0,20.0,,,10247.5,3.0,0.0,33.0,29.0,-0.38461538461538464,10246.923076923076,-1.5,0.0,-3.0,sell_aggressor
246100,,,INTARIAN_PEPPER_ROOT,XIRECS,10240.0,5,-2,51200.0,10240.0,12.0,,,,,10252.0,12.0,10254.0,25.0,,,10246.0,12.0,0.0,12.0,37.0,0.0,10246.0,-6.0,0.0,-12.0,sell_aggressor
248400,,,INTARIAN_PEPPER_ROOT,XIRECS,10257.0,7,-2,71799.0,10243.0,12.0,10240.0,22.0,,,10257.0,22.0,,,,,10250.0,14.0,0.0,34.0,22.0,-0.29411764705882354,10247.941176470587,7.0,14.0,0.0,buy_aggressor
250000,,,INTARIAN_PEPPER_ROOT,XIRECS,10244.0,5,-2,51220.0,10244.0,8.0,,,,,10256.0,8.0,10258.0,17.0,,,10250.0,12.0,0.0,8.0,25.0,0.0,10250.0,-6.0,0.0,-12.0,sell_aggressor
250900,,,INTARIAN_PEPPER_ROOT,XIRECS,10257.0,7,-2,71799.0,10245.0,10.0,10243.0,23.0,,,10257.0,10.0,10259.0,23.0,,,10251.0,12.0,0.0,33.0,33.0,0.0,10251.0,6.0,12.0,0.0,buy_aggressor
253000,,,INTARIAN_PEPPER_ROOT,XIRECS,10249.0,4,-2,40996.0,10245.0,20.0,,,,,10249.0,4.0,10259.0,12.0,10261.0,20.0,10247.0,4.0,0.0,20.0,36.0,0.6666666666666666,10248.333333333334,2.0,4.0,0.0,buy_aggressor
262700,,,INTARIAN_PEPPER_ROOT,XIRECS,10265.0,3,-2,30795.0,10254.0,22.0,,,,,10268.0,10.0,,,,,10261.0,14.0,0.0,22.0,10.0,0.375,10263.625,4.0,11.0,-3.0,likely_buy
264000,,,INTARIAN_PEPPER_ROOT,XIRECS,10260.0,6,-2,61560.0,10258.0,11.0,10256.0,19.0,,,10260.0,6.0,10270.0,11.0,,,10259.0,2.0,0.0,30.0,17.0,0.29411764705882354,10259.29411764706,1.0,2.0,0.0,buy_aggressor
265700,,,INTARIAN_PEPPER_ROOT,XIRECS,10274.0,4,-2,41096.0,10258.0,23.0,,,,,10274.0,23.0,,,,,10266.0,16.0,0.0,23.0,23.0,0.0,10266.0,8.0,16.0,0.0,buy_aggressor
268700,,,INTARIAN_PEPPER_ROOT,XIRECS,10265.0,5,-2,51325.0,10263.0,12.0,10260.0,23.0,,,10265.0,5.0,10274.0,12.0,10277.0,23.0,10264.0,2.0,0.0,35.0,40.0,0.4117647058823529,10264.411764705883,1.0,2.0,0.0,buy_aggressor
275500,,,INTARIAN_PEPPER_ROOT,XIRECS,10270.0,6,-2,61620.0,10270.0,9.0,10267.0,25.0,,,10284.0,25.0,,,,,10277.0,14.0,0.0,34.0,25.0,-0.47058823529411764,10273.70588235294,-7.0,0.0,-14.0,sell_aggressor
282300,,,INTARIAN_PEPPER_ROOT,XIRECS,10277.0,5,-2,51385.0,10277.0,11.0,10274.0,17.0,,,10288.0,11.0,,,,,10282.5,11.0,0.0,28.0,11.0,0.0,10282.5,-5.5,0.0,-11.0,sell_aggressor
283000,,,INTARIAN_PEPPER_ROOT,XIRECS,10289.0,5,-2,51445.0,10277.0,10.0,10275.0,16.0,,,10289.0,10.0,,,,,10283.0,12.0,0.0,26.0,10.0,0.0,10283.0,6.0,12.0,0.0,buy_aggressor
286200,,,INTARIAN_PEPPER_ROOT,XIRECS,10292.0,4,-2,41168.0,10281.0,10.0,10278.0,18.0,,,10292.0,10.0,,,,,10286.5,11.0,0.0,28.0,10.0,0.0,10286.5,5.5,11.0,0.0,buy_aggressor
288800,,,INTARIAN_PEPPER_ROOT,XIRECS,10283.0,5,-2,51415.0,10283.0,9.0,10281.0,21.0,,,10294.0,9.0,10297.0,21.0,,,10288.5,11.0,0.0,30.0,30.0,0.0,10288.5,-5.5,0.0,-11.0,sell_aggressor
289000,,,INTARIAN_PEPPER_ROOT,XIRECS,10292.0,5,-2,51460.0,10292.0,5.0,10283.0,10.0,,,10295.0,10.0,10297.0,17.0,,,10293.5,3.0,0.0,15.0,27.0,-0.3333333333333333,10293.0,-1.5,0.0,-3.0,sell_aggressor
292300,,,INTARIAN_PEPPER_ROOT,XIRECS,10298.0,7,-2,72086.0,10295.0,5.0,10287.0,8.0,,,10298.0,8.0,10301.0,22.0,,,10296.5,3.0,0.0,13.0,30.0,-0.23076923076923078,10296.153846153846,1.5,3.0,0.0,buy_aggressor
295100,,,INTARIAN_PEPPER_ROOT,XIRECS,10292.0,7,-2,72044.0,10289.0,10.0,10287.0,19.0,,,10292.0,7.0,10301.0,10.0,10303.0,19.0,10290.5,3.0,0.0,29.0,36.0,0.17647058823529413,10290.764705882353,1.5,3.0,0.0,buy_aggressor
298900,,,INTARIAN_PEPPER_ROOT,XIRECS,10291.0,3,-2,30873.0,10291.0,21.0,,,,,10305.0,11.0,10307.0,21.0,,,10298.0,14.0,0.0,21.0,32.0,0.3125,10300.1875,-7.0,0.0,-14.0,sell_aggressor
301900,,,INTARIAN_PEPPER_ROOT,XIRECS,10310.0,7,-2,72170.0,10296.0,9.0,,,,,10310.0,15.0,,,,,10303.0,14.0,0.0,9.0,15.0,-0.25,10301.25,7.0,14.0,0.0,buy_aggressor
311700,,,INTARIAN_PEPPER_ROOT,XIRECS,10317.0,7,-2,72219.0,10306.0,11.0,10303.0,21.0,,,10317.0,11.0,,,,,10311.5,11.0,0.0,32.0,11.0,0.0,10311.5,5.5,11.0,0.0,buy_aggressor
313600,,,INTARIAN_PEPPER_ROOT,XIRECS,10310.0,4,-2,41240.0,10308.0,9.0,,,,,10319.0,9.0,10322.0,17.0,,,10313.5,11.0,0.0,9.0,26.0,0.0,10313.5,-3.5,2.0,-9.0,likely_sell
314500,,,INTARIAN_PEPPER_ROOT,XIRECS,10309.0,5,-2,51545.0,10309.0,9.0,,,,,10320.0,9.0,10323.0,22.0,,,10314.5,11.0,0.0,9.0,31.0,0.0,10314.5,-5.5,0.0,-11.0,sell_aggressor
314800,,,INTARIAN_PEPPER_ROOT,XIRECS,10311.0,4,-2,41244.0,10309.0,11.0,10307.0,21.0,,,10311.0,4.0,10320.0,11.0,10323.0,21.0,10310.0,2.0,0.0,32.0,36.0,0.4666666666666667,10310.466666666667,1.0,2.0,0.0,buy_aggressor
321000,,,INTARIAN_PEPPER_ROOT,XIRECS,10317.0,6,-2,61902.0,10315.0,10.0,10313.0,23.0,,,10317.0,6.0,10329.0,23.0,,,10316.0,2.0,0.0,33.0,29.0,0.25,10316.25,1.0,2.0,0.0,buy_aggressor
324800,,,INTARIAN_PEPPER_ROOT,XIRECS,10319.0,4,-2,41276.0,10319.0,11.0,10317.0,24.0,,,10330.0,11.0,10333.0,24.0,,,10324.5,11.0,0.0,35.0,35.0,0.0,10324.5,-5.5,0.0,-11.0,sell_aggressor
326300,,,INTARIAN_PEPPER_ROOT,XIRECS,10321.0,7,-2,72247.0,10321.0,8.0,10318.0,21.0,,,10332.0,8.0,10335.0,21.0,,,10326.5,11.0,0.0,29.0,29.0,0.0,10326.5,-5.5,0.0,-11.0,sell_aggressor
329100,,,INTARIAN_PEPPER_ROOT,XIRECS,10332.0,6,-2,61992.0,10332.0,6.0,10321.0,18.0,,,10335.0,8.0,10337.0,18.0,,,10333.5,3.0,0.0,24.0,26.0,-0.14285714285714285,10333.285714285714,-1.5,0.0,-3.0,sell_aggressor
334500,,,INTARIAN_PEPPER_ROOT,XIRECS,10331.0,5,-2,51655.0,10329.0,12.0,10326.0,24.0,,,10331.0,5.0,10340.0,12.0,10343.0,24.0,10330.0,2.0,0.0,36.0,41.0,0.4117647058823529,10330.411764705883,1.0,2.0,0.0,buy_aggressor
336400,,,INTARIAN_PEPPER_ROOT,XIRECS,10342.0,5,-2,51710.0,10331.0,10.0,,,,,10342.0,10.0,10345.0,16.0,,,10336.5,11.0,0.0,10.0,26.0,0.0,10336.5,5.5,11.0,0.0,buy_aggressor
340200,,,INTARIAN_PEPPER_ROOT,XIRECS,10348.0,3,-2,31044.0,10335.0,12.0,10332.0,22.0,,,10348.0,22.0,,,,,10341.5,13.0,0.0,34.0,22.0,-0.29411764705882354,10339.588235294117,6.5,13.0,0.0,buy_aggressor
342200,,,INTARIAN_PEPPER_ROOT,XIRECS,10350.0,7,-2,72450.0,10337.0,11.0,10334.0,21.0,,,10350.0,21.0,,,,,10343.5,13.0,0.0,32.0,21.0,-0.3125,10341.46875,6.5,13.0,0.0,buy_aggressor
344500,,,INTARIAN_PEPPER_ROOT,XIRECS,10339.0,7,-2,72373.0,10339.0,10.0,10336.0,18.0,,,10341.0,8.0,10350.0,10.0,10353.0,18.0,10340.0,2.0,0.0,28.0,36.0,0.1111111111111111,10340.111111111111,-1.0,0.0,-2.0,sell_aggressor
344500,,,INTARIAN_PEPPER_ROOT,XIRECS,10341.0,8,-2,82728.0,10339.0,10.0,10336.0,18.0,,,10341.0,8.0,10350.0,10.0,10353.0,18.0,10340.0,2.0,0.0,28.0,36.0,0.1111111111111111,10340.111111111111,1.0,2.0,0.0,buy_aggressor
345500,,,INTARIAN_PEPPER_ROOT,XIRECS,10340.0,6,-2,62040.0,10340.0,12.0,10337.0,17.0,,,10354.0,17.0,,,,,10347.0,14.0,0.0,29.0,17.0,-0.1724137931034483,10345.793103448275,-7.0,0.0,-14.0,sell_aggressor
346700,,,INTARIAN_PEPPER_ROOT,XIRECS,10338.0,3,-2,31014.0,10338.0,17.0,,,,,10352.0,10.0,10355.0,17.0,,,10345.0,14.0,0.0,17.0,27.0,0.25925925925925924,10346.814814814816,-7.0,0.0,-14.0,sell_aggressor
347100,,,INTARIAN_PEPPER_ROOT,XIRECS,10355.0,7,-2,72485.0,10341.0,8.0,10339.0,22.0,,,10355.0,22.0,,,,,10348.0,14.0,0.0,30.0,22.0,-0.4666666666666667,10344.733333333334,7.0,14.0,0.0,buy_aggressor
348000,,,INTARIAN_PEPPER_ROOT,XIRECS,10351.0,4,-2,41404.0,10351.0,4.0,10342.0,8.0,,,10354.0,8.0,10356.0,18.0,,,10352.5,3.0,0.0,12.0,26.0,-0.3333333333333333,10352.0,-1.5,0.0,-3.0,sell_aggressor
349500,,,INTARIAN_PEPPER_ROOT,XIRECS,10344.0,7,-2,72408.0,10344.0,11.0,10341.0,15.0,,,10355.0,11.0,10358.0,15.0,,,10349.5,11.0,0.0,26.0,26.0,0.0,10349.5,-5.5,0.0,-11.0,sell_aggressor
350200,,,INTARIAN_PEPPER_ROOT,XIRECS,10356.0,5,-2,51780.0,10345.0,8.0,10342.0,21.0,,,10356.0,8.0,10358.0,21.0,,,10350.5,11.0,0.0,29.0,29.0,0.0,10350.5,5.5,11.0,0.0,buy_aggressor
352000,,,INTARIAN_PEPPER_ROOT,XIRECS,10355.0,8,-2,82840.0,10355.0,8.0,10346.0,9.0,,,10358.0,9.0,10360.0,20.0,,,10356.5,3.0,0.0,17.0,29.0,-0.058823529411764705,10356.411764705883,-1.5,0.0,-3.0,sell_aggressor
357200,,,INTARIAN_PEPPER_ROOT,XIRECS,10352.0,6,-2,62112.0,10352.0,10.0,10349.0,21.0,,,10363.0,10.0,10365.0,21.0,,,10357.5,11.0,0.0,31.0,31.0,0.0,10357.5,-5.5,0.0,-11.0,sell_aggressor
